2799 3723
1155 164 1671 209 —15-.-.

239 302 369 365 παρὰ
400 299 478 348 τὸν
507 295 761 359 Ἐλπινίκης
800 299 885 359 τῆς·
914 293 1130 357 Κίμωνος
1160 294 1374 359 ἀδελφῆς
1410 295 1583 359 τάφον,
1625 298 1913 343 examinavit
1945 296 2103 343 multis
2139 300 2247 342 ante
2283 296 2589 343 Plutarchum

241 395 378 444 anuis
409 390 657 447 Polemon,
691 401 785 448 quo
821 392 938 433 teste
973 401 1081 434 cum
1106 386 1313 447 Didymo
1350 389 1492 433 utitur
1526 386 1830 433 Marcellinus
1866 400 1906 432 c.
1945 386 2010 432 16
2045 399 2175 446 seqq.
2246 387 2411 447 Neque
2446 386 2591 433 Ritte·

239 499 362 543 rum,
397 481 533 543 quil.
559 480 590 525 l.
625 493 673 539 p.
714 477 777 523 25
812 478 959 523 nimia
994 483 1040 523 et
1075 477 1320 524 dubitandi
1355 485 1401 523 et
1435 476 1731 524 coniectandi
1766 477 1961 523 libidine
1997 478 2221 537 abreptus
2263 477 2495 522 ariolatur
2528 477 2587 523 de

239 575 482 636 sepulcro,
524 571 772 632 quisquam
817 574 1003 616 secutus
1049 573 1140 629 est,
1185 567 1268 614 sed
1305 567 1575 615 Classenius
1612 582 1799 629 quoque
1834 568 1864 612 l.
1901 568 1932 613 l.
1972 583 2019 629 p.
2056 567 2146 622 XII
2181 582 2276 613 non
2313 569 2428 613 satis
2462 573 2593 615 recte

239 663 372 710 dixit:
409 675 457 708 so
480 658 644 707 berum
666 657 783 706 doch
803 657 914 723 jede
946 656 1249 723 zuverlcissiqe
1271 655 1537 706 Kenntniss
1570 672 1659 704 von
1683 656 1839 704 seium
1874 654 2332 703 Lebemumstiinden
2353 654 2461 721 fast
2493 672 2594 703 nur

236 751 333 815 auf
359 749 542 813 einiyen
572 747 871 811 yeleyentlich
904 764 994 797 von
1028 749 1129 796 ihm
1162 748 1289 796 selbst
1321 764 1412 796 um
1444 747 1769 811 mitqetheilten
1791 745 2125 795 Nachrichten.
2184 746 2314 794 Aua
2348 761 2446 793 was
2479 745 2593 793 saber

237 839 357 888 dicae
395 837 567 885 binam
608 838 729 885 seim
762 837 1074 900 Bioqraphen
1107 838 1219 884 oder
1264 838 1436 884 andere
1471 828 1801 895 Schriftsteller
1841 838 1911 885 bei
1949 836 2196 898 zufiilliyer
2242 835 2592 897 Veranlassuny

234 929 347 977 aber
380 927 466 974 ilm
500 934 709 981 dussern,
746 928 827 974 hat
860 927 951 974 den
989 926 1247 974 Charakter
1280 928 1543 975 unsicherer
1589 926 1911 990 Vermuthuny
1945 927 2078 975 oder
2114 928 2590 975 halbverscholle-

235 1037 337 1069 ner
377 1019 427 1066 T
427 1020 719 1077 ναάίιίοπ,
755 1036 955 1081 quorum
990 1027 1233 1080 postrema
1268 1022 1438 1080 verba,
1466 1021 1635 1080 quibus
1660 1022 1745 1079 eis,
1780 1034 1979 1081 quorum
2005 1021 2181 1065 nullam
2210 1021 2349 1066 fidem
2386 1034 2490 1067 esse
2525 1023 2593 1081 ip-

235 1128 338 1160 sum
375 1114 483 1158 non'
506 1113 638 1172 fugit,
674 1112 882 1172 aliquam
918 1115 1076 1156 tamen
1114 1124 1217 1156 esse
1243 1111 1470 1169 concedit,
1508 1111 1679 1156 vellem
1714 1112 1964 1170 omisisset,
2002 1116 2050 1156 at
2076 1112 2363 1172 sepulcrum,
2388 1111 2459 1156 de
2496 1124 2591 1171 quo

234 1204 428 1251 minime
479 1201 659 1248 dubitat
699 1202 767 1262 (p.
813 1201 944 1259 XIII)
990 1204 1126 1263 quasi
1167 1202 1366 1248 alterum
1409 1207 1572 1248 testem
1628 1200 1944 1260 adgnovisset.
2015 1202 2138 1248 Nam
2191 1203 2240 1248 hi
2294 1201 2387 1246 duo
2432 1206 2590 1260 testes,

235 1311 342 1343 cum
386 1309 539 1356 neque
565 1293 768 1342 Oenobii
803 1296 1006 1338 statuam
1043 1307 1132 1339 nec
1154 1294 1422 1339 Pausaniae
1463 1292 1826 1352 descriptionem
1864 1293 2134 1352 biographis
2160 1291 2448 1351 Thucydidis
2485 1293 2591 1338 usui

234 1388 382 1431 fuisse
419 1385 665 1445 adpareat,
701 1399 846 1429 unum
871 1385 996 1429 vitae
1020 1382 1311 1442 Thucydidis
1348 1382 1704 1442 cognoscendae
1741 1384 1875 1442 quasi
1911 1384 2103 1440 fontem,
2139 1385 2257 1428 sicut
2291 1383 2427 1428 nobis
2463 1395 2592 1427 nunc

235 1482 367 1536 sunt,
411 1479 479 1522 ita
514 1470 801 1535 Hermippo,
845 1474 1078 1533 Didymo,
1123 1474 1398 1519 Marcellino
1433 1475 1606 1532 fuisse,
1660 1478 1706 1518 et
1748 1486 1871 1533 quae
1916 1477 2163 1533 praeterea
2205 1473 2451 1532 proferunt
2493 1485 2589 1517 non

238 1566 471 1613 obscurae
518 1565 762 1612 cuiusdam
805 1564 1146 1611 recordationis
1188 1564 1411 1624 reliquias
1446 1564 1529 1610 sed
1565 1577 1699 1610 mera
1735 1563 2029 1610 coniectandi
2065 1565 2324 1610 tentamina
2359 1577 2479 1623 esse,
2515 1564 2592 1610 de-

233 1657 488 1702 monstrari
522 1659 690 1716 potest.

443 1749 512 1794 Ab
549 1752 748 1807 utroque
790 1748 860 1792 illi
895 1753 1011 1792 teste
1048 1752 1331 1807 acceperant
1366 1749 1515 1792 civem
1551 1748 1696 1791 fuisse
1734 1747 2096 1803 Atheniensem,
2145 1747 2290 1790 filium
2326 1745 2480 1804 Olori3
2527 1748 2587 1791 ab

233 1812 328 1882 'uno
378 1837 655 1896 Thucydide
709 1836 999 1882 aurifodinas
1054 1851 1164 1882 eum
1224 1839 1271 1883 in
1331 1852 1416 1882 ora
1465 1837 1698 1881 Thraciae
1752 1836 2019 1896 possedisse
2061 1837 2109 1895 4,
2152 1837 2250 1882 105
2296 1842 2342 1882 et
2382 1851 2588 1896 magnae

234 1928 362 1972 circa
408 1941 490 1973 eas
525 1929 744 1987 regiones
791 1929 1080 1974 auctoritatis
1115 1928 1286 1988 fuisse,
1339 1932 1505 1973 octavo
1552 1928 1659 1974 belli
1696 1943 1821 1974 anno
1857 1929 2191 1988 imperatorem
2229 1928 2587 1974 Atheniensium

234 2016 361 2075 apud
397 2016 651 2063 Thraciam
687 2019 831 2063 fuisse
868 2019 917 2077 4,
954 2019 1052 2063 104
1088 2032 1241 2076 seqq.,
1278 2018 1360 2063 sed
1395 2024 1500 2078 post
1545 2020 1767 2063 amissam
1805 2018 2125 2077 Amphipolim
2164 2016 2350 2077 [viginti
2385 2033 2470 2077 per
2507 2034 2589 2063 an-

234 2119 323 2152 nos
361 2132 421 2140 —
463 2107 522 2152 ad
559 2108 680 2153 haec
722 2109 848 2153 enim
883 2108 951 2152 illi
988 2113 1177 2166 praeter
1210 2109 1494 2166 Dionysium
1529 2108 1559 2153 l.
1598 2108 1627 2152 l.
1665 2122 1761 2153 non
1797 2108 2015 2153 videntur
2051 2109 2259 2153 animum
2297 2108 2586 2170 adtendisse]

235 2196 451 2241 exulasse
489 2199 536 2255 5,
575 2197 655 2256 26,
714 2210 802 2257 per
838 2198 963 2257 quod
1001 2198 1189 2242 exilium
1226 2197 1352 2256 apud
1385 2198 1756 2257 Peloponnesios
1792 2211 1978 2258 quoque
2014 2200 2193 2244 versari
2235 2200 2278 2244 ei
2312 2199 2466 2257 licuit3
2502 2213 2587 2259 per

233 2292 380 2332 totum
419 2287 596 2332 bellum
630 2289 678 2331 in
715 2288 812 2332 vita
846 2288 990 2332 fuisse
1027 2292 1072 2332 et
1106 2292 1259 2331 aetate
1295 2289 1552 2346 vigentem,
1590 2291 1635 2332 et
1671 2289 1770 2332 eius
1806 2289 2051 2333 historiam
2086 2288 2292 2333 scribere
2330 2291 2486 2333 statim
2523 2290 2584 2334 ab

232 2376 364 2421 initio
408 2377 621 2436 coepisse
665 2376 712 2435 1,
751 2378 795 2422 1.
865 2378 938 2423 Ex
983 2378 1131 2422 altero
1174 2382 1311 2436 teste,
1355 2383 1661 2423 monumenta
1703 2378 1807 2423 dico
1851 2378 2064 2424 Cimonia
2105 2380 2412 2439 sepulcralia,
2458 2395 2584 2441 pago

233 2465 548 2510 Halimusium
589 2467 734 2512 fuisse
777 2468 1014 2526 cognitum
1065 2472 1159 2526 est,
1211 2466 1385 2513 ibidem
1427 2464 1731 2513 Timotheum
1772 2469 1916 2514 filium
1964 2483 1993 2514 a
2035 2469 2292 2514 Polemone
2344 2476 2584 2529 repertum

235 2568 339 2600 esse
365 2555 502 2600 docet
524 2556 830 2602 Marcellinus
853 2571 893 2602 c.
920 2557 1002 2613 17,
1040 2559 1104 2602 uti
1129 2563 1256 2603 recte
1280 2559 1433 2603 visum
1458 2564 1529 2603 est
1550 2559 1762 2603 Prellero
1798 2560 1828 2603 l.
1853 2560 1903 2617 l.,
1929 2565 1973 2602 et
1996 2560 2139 2603 filiam
2164 2565 2214 2602 ut
2237 2573 2325 2617 ego
2351 2562 2580 2618 suspicor,

233 2648 308 2690 cui
346 2661 373 2690 a
399 2647 680 2706 quibusdam
707 2653 924 2692 octavum
943 2648 1116 2693 librum
1137 2648 1425 2708 Thucydidis
1443 2650 1668 2695 tributum
1688 2664 1790 2695 esse
1809 2650 2110 2695 Marcellinus
2130 2662 2168 2693 c.
2189 2648 2254 2694 43
2271 2653 2481 2708 testatur,
2502 2651 2583 2710 qui

230 2737 298 2780 ita
322 2735 380 2780 de
404 2737 487 2781 illa
510 2738 717 2798 loquitur
741 2736 837 2781 ἀλλ’
861 2737 906 2782 οἱ
930 2737 1017 2797 μέν
1054 2753 1188 2800 φασιν
1224 2736 1336 2784 εἶναι
1367 2742 1449 2801 τῆς
1480 2738 1710 2801 θυγατρὸς
1743 2739 1894 2789 αὐτοῦ,
1931 2745 1979 2785 ut
2003 2754 2095 2785 non
2122 2740 2257 2784 huius
2284 2740 2583 2784 coniecturae

232 2829 387 2886 gratia
430 2829 582 2873 fictam
630 2841 734 2874 esse
780 2829 1040 2874 concedere
1077 2834 1306 2890 oporteat.
1376 2832 1533 2877 Potuit
1578 2833 1717 2877 etiam
1763 2833 1924 2877 matris
1966 2845 2136 2876 nomen
2172 2831 2491 2891 Hegesipylae
2528 2845 2585 2877 ex

230 2917 535 2976 inscriptione
579 2920 831 2979 sepulcrali
876 2922 1138 2979 profectum
1183 2934 1309 2980 esse,
1361 2923 1451 2967 nisi
1487 2922 1671 2967 facilior
1724 2927 1845 2967 esset
1886 2923 2110 2979 suspicio,
2165 2935 2190 2966 e
2227 2921 2435 2966 Cimonis
2478 2934 2584 2966 eam

230 3013 383 3053 matre
418 3011 667 3069 repetitam
704 3024 822 3055 esse.

433 3098 611 3144 Verum
646 3114 744 3144 non
779 3114 934 3160 pauca
968 3105 1077 3146 sunt
1123 3116 1245 3161 quae
1280 3105 1529 3162 praeterea
1565 3103 1624 3147 ab
1665 3102 1757 3146 illis
1803 3102 1925 3146 vitae
1970 3101 2275 3161 scriptoribus
2319 3107 2585 3161 propagata

231 3189 361 3229 sunt:
397 3191 716 3247 propinquum
749 3191 895 3234 fuisse
930 3205 1025 3235 non
1052 3191 1274 3236 Miltiadis
1309 3198 1487 3236 tantum
1525 3193 1606 3236 sed
1645 3196 1785 3236 etiam
1821 3191 2238 3250 Pisistratidarum,
2275 3198 2438 3237 natum
2474 3207 2586 3252 qua·

229 3272 448 3333 draginta
474 3284 584 3322 ante
609 3279 785 3324 bellum
809 3280 1266 3338 Peloponnesiacum
1303 3282 1454 3340 annis,
1492 3296 1687 3341 puerum
1725 3281 1936 3325 audivise
1960 3280 2253 3326 Herodotum
2288 3284 2583 3342 recitantem,

228 3373 563 3425 praeceptores
599 3371 822 3415 habuisse
847 3372 1201 3429 Anaxagoram,
1225 3372 1578 3430 Antiphontem,
1604 3371 1842 3429 Gorgiam,
1881 3383 2073 3415 uxorem
2110 3370 2297 3416 duxisse
2330 3372 2581 3417 Thraciam

229 3455 387 3514 ample
424 3455 660 3517 dotatam,
702 3459 979 3519 proditionis
1025 3463 1221 3507 crimine
1264 3465 1535 3507 accusatum
1578 3464 1768 3506 auctore
1813 3446 2016 3518 Cleone,
2061 3461 2244 3506 exulem
2287 3463 2335 3506 in
2376 3461 2581 3507 Thracia

228 3542 424 3604 vixisse,
466 3547 625 3609 ibique
667 3551 754 3597 sub
796 3551 989 3612 platano
1027 3552 1268 3599 sedentem
1314 3553 1558 3599 historiam
1611 3554 1875 3612 scripsisse,
1920 3558 2140 3598 necatum
2184 3551 2387 3612 denique
2422 3565 2448 3597 e
2484 3554 2581 3598 vita

228 3631 503 3683 decessisse.
