2799 3723
205 313 348 348 nemo
390 299 531 344 facile
573 298 867 359 reliquarum
907 312 1087 345 rerum
1109 301 1359 348 certiorem
1403 298 1544 346 fldem
1582 313 1690 347 esse
1735 299 1988 360 concedat,
2039 299 2323 362 praesertim
2365 284 2496 350 cnm
2495 313 2573 353 ne

205 393 354 439 lateat
387 386 591 451 quidem
600 389 917 450 plurimarum
941 391 1337 436 coniecturarum·
1342 383 1492 449 origo
1527 404 1558 436 a
1597 390 1846 451 Kruegero
1880 391 2088 438 maxime
2122 388 2374 451 patefacta.
2444 388 2578 437 Anti-

207 483 435 543 phontem
478 478 670 540 quidem
714 483 1073 541 praeceptorem
1115 478 1409 539 Thucydidis
1454 478 1689 527 Caecilius
1733 480 1966 528 1.1.n0n
2009 479 2203 528 aliunde
2262 482 2429 541 petivit
2479 481 2573 528 nisi
2626 496 2628 500 ⁴

208 584 267 617 ex
313 571 461 631 ipsius
507 570 749 629 scriptoris
797 569 955 616 verbis
999 571 1055 629 8,
1098 570 1189 630 683
1241 569 1456 616 similiter
1499 569 1724 629 Gorgiae.
1750 584 1890 631 quem
1931 572 2217 618 imitatorem
2262 568 2448 617 dixerat
2481 572 2576 618 An-

207 661 372 722 tyllus,
407 674 517 707 eum
551 674 648 707 non
684 659 1020 708 dubitaverunt
1054 661 1137 706 alii
1171 660 1351 721 fingere
1387 659 1683 722 discipulum.
1752 661 1947 720 Longae
1983 660 2044 708 de
2079 660 2343 709 Harmodio
2386 664 2436 710 et
2470 662 2574 709 Ari·

206 752 440 813 stogitone
476 750 781 813 digressionis
817 764 1012 798 causam
1048 752 1481 812 circumspicientes
1515 753 1656 798 nimis
1701 753 1875 799 curiosi
1915 753 1983 799 illi
2038 752 2337 813 grammatici
2377 756 2575 814 propter

205 842 608 904 propinquitatem
643 840 1049 889 Pisistratidarum
1103 854 1210 889 eum
1265 842 1574 902 tyrannicidis
1609 842 1898 890 obtrectasse
1933 844 2158 904 suspicati
2192 846 2318 890 sunt.
2389 842 2577 890 Pariter

206 934 256 979 in
305 931 532 980 Cleonem
575 932 616 979 si
657 936 910 993 propterea
943 931 1105 979 dicunt
1144 928 1230 978 Mo
1274 931 1341 979 46
1375 932 1536 980 invehi
1571 931 1921 994 Thucydidem,
1964 933 2090 995 quod
2127 947 2214 995 per
2246 932 2383 979 illum
2415 934 2573 994 patria

207 1023 419 1084 privatus
461 1024 542 1082 sit,
586 1023 666 1070 vix
707 1026 861 1084 potest
903 1021 1098 1069 dubium
1133 1036 1262 1083 esse,
1297 1024 1410 1083 quin
1445 1022 1491 1069 id
1528 1024 1685 1085 ipsum
1726 1037 1819 1085 quo
1863 1023 1924 1069 ad
1969 1022 2301 1084 explicandam
2336 1021 2565 1069 invidiam

205 1117 431 1175 tanquam
474 1126 528 1159 re
573 1117 704 1159 certa
755 1115 970 1173 utuntur,
1032 1113 1306 1159 coniectura
1346 1112 1500 1172 potius
1546 1114 1606 1159 sit
1651 1098 1710 1159 ex
1750 1113 1834 1159 illa
1878 1112 2058 1159 invidia
2101 1115 2334 1174 originem
2376 1111 2570 1159 ducens.

204 1203 361 1265 Quam
394 1203 701 1266 neglegenter
735 1207 894 1249 autem
916 1202 985 1248 illi
1009 1204 1156 1264 ipsius
1180 1201 1471 1261 Thucydidis
1496 1204 1764 1250 testimonio
1790 1205 1861 1250 usi
1891 1203 1996 1263 sint,
2024 1217 2081 1251 eo
2111 1206 2318 1250 maxime
2349 1202 2568 1264 adparet,

203 1291 330 1353 quod
382 1285 569 1340 exulem
613 1317 678 1326 —
721 1294 762 1339 si
802 1294 972 1339 missos
1022 1294 1221 1338 facimus
1264 1305 1450 1338 errores
1495 1305 1521 1337 e
1563 1294 1708 1338 variis
1752 1292 1962 1338 eiusdem
2017 1293 2221 1338 nominis
2275 1294 2388 1339 viris
2441 1295 2568 1339 male

203 1383 411 1431 confusis
441 1387 572 1429 ortos
597 1406 660 1416 -
685 1384 734 1429 iu
758 1382 1014 1429 Thraciam
1039 1382 1219 1428 faciunt
1243 1381 1561 1441 recedentem,
1594 1396 1881 1443 quamquam
1906 1381 1953 1428 id
1979 1397 2072 1429 non
2113 1382 2266 1429 solum
2302 1396 2389 1444 per
2423 1381 2572 1429 domi·

203 1473 448 1519 nationem
483 1472 843 1519 Atheniensium
868 1487 981 1518 num
1010 1473 1208 1531 licuerit,
1245 1471 1438 1518 dubium
1466 1478 1551 1533 est,
1588 1477 1634 1519 et
1669 1472 1730 1518 ad
1754 1488 1830 1521 res
1854 1472 2198 1535 perquirendas
2225 1476 2272 1518 et
2300 1473 2569 1519 testimonia

201 1561 410 1625 undique
445 1561 730 1623 conligenda
765 1562 848 1607 illa
883 1563 1015 1622 regio
1051 1561 1422 1623 haudquaquam
1459 1567 1572 1624 apta
1607 1562 1808 1622 videtur,
1844 1562 1927 1608 sed
1962 1564 2103 1609 etiam
2133 1563 2235 1622 ipse
2259 1560 2563 1620 Thucydides

203 1653 250 1713 5,
288 1653 351 1700 26
386 1654 435 1699 in
471 1653 932 1714 Peloponnesiorum
956 1655 1161 1698 maxime
1199 1655 1368 1700 finibus
1401 1659 1642 1701 versatum
1678 1668 1783 1701 sese
1818 1655 2079 1714 profitetur,
2116 1657 2166 1698 ut
2202 1653 2277 1698 vel
2313 1656 2564 1712 propterea

202 1739 319 1788 cum'
344 1742 708 1789 Breitenbachio
751 1743 907 1800 (Neue
942 1743 1241 1789 Jahrbueher
1279 1746 1355 1789 fiir
1390 1746 1655 1804 Philologie
1688 1745 1819 1790 1873
1858 1746 1905 1789 S.
1944 1745 2030 1800 85)
2067 1745 2291 1802 scriptam
2329 1756 2433 1787 esse
2466 1757 2565 1786 ma-

199 1831 375 1879 ximam
409 1836 596 1895 partem
623 1834 780 1895 operis
808 1834 1103 1896 Thucydidei
1128 1835 1176 1881 in
1202 1834 1409 1882 Thracia
1433 1834 1691 1894 Ciceronis,
1714 1832 1972 1894 Plutarchi,
2006 1834 2227 1894 Dionysii
2253 1830 2558 1895 (Marcellini)

201 1924 479 1970 testimoniis
515 1939 612 1970 non
649 1924 860 1972 adducor
895 1930 945 1971 ut
981 1925 1189 1985 credam,
1225 1925 1308 1972 sed
1343 1926 1489 1972 multo
1525 1926 1680 1972 minus
1718 1927 1877 1985 etiam,
1913 1923 2038 1985 quod
2070 1924 2205 1970 nihili
2229 1928 2337 1970 sunt
2361 1925 2563 1970 testimo·

204 2017 287 2061 nia
320 2016 404 2061 illa
438 2015 734 2061 aestimanda
770 2015 928 2061 credo.
1188 2074 1192 2078 Β
2342 2073 2345 2075 Α

405 2107 586 2154 Videtis
622 2108 763 2166 igitur
800 2107 1155 2152 Commilitones
1200 2107 1551 2164 humanissimi,
1593 2105 1771 2149 nullam
1810 2119 1960 2165 paene
1997 2105 2054 2149 de
2090 2107 2191 2150 viro
2235 2105 2425 2162 egregio
2460 2116 2557 2148 me·

203 2197 405 2243 moriam
447 2196 720 2255 pervenisse
763 2194 824 2241 ad
859 2197 1208 2256 posteritatem,
1251 2197 1341 2241 nisi
1377 2209 1520 2255 quam
1563 2209 1659 2241 non
1704 2196 1912 2240 vanitate
1955 2200 2106 2240 motus
2149 2194 2231 2239 sed
2270 2194 2378 2238 fidei
2413 2207 2562 2238 causa

206 2287 264 2334 de
309 2300 360 2333 se
404 2288 505 2347 ipse
548 2286 835 2332 mentionem
880 2286 990 2331 fecit
1033 2287 1080 2330 in
1118 2300 1264 2348 opere
1299 2286 1562 2345 inmortali,
1605 2284 1731 2345 quod
1773 2286 1891 2330 sicut
1925 2284 2071 2329 voluit
2111 2284 2189 2328 ille
2231 2283 2463 2328 iudicatur
2499 2283 2559 2328 ab

206 2378 422 2424 omnibus
457 2378 603 2439 κτῆμα
637 2374 688 2431 ἐς
725 2373 801 2422 ἀεὶ
827 2374 1003 2437 μᾶλλον
1037 2374 1067 2439 ἢ
1104 2374 1336 2438 ἀγώνισμα
1371 2375 1426 2430 ἐς
1457 2374 1507 2422 τὸ
1545 2377 1834 2438 παραχρῆμα.
1906 2375 2117 2434 Quorum
2156 2374 2379 2432 alterum,
2415 2374 2560 2435 κτῆμα

205 2467 260 2523 ἐς
281 2466 363 2513 ἀεί
378 2470 408 2514 i.
430 2481 471 2513 e.
498 2474 743 2514 aeternum
768 2482 886 2528 opus
910 2468 1066 2513 moliri
1091 2481 1197 2513 cum
1224 2468 1424 2513 arduum
1449 2470 1522 2527 sit,
1548 2473 1596 2513 at
1620 2467 1818 2512 alterum
1837 2479 1938 2524 vos,
1962 2478 2021 2509 ne
2041 2466 2237 2509 nimium
2259 2463 2558 2509 admiremini

205 2556 436 2620 ἀγώνισμα
476 2555 530 2612 ἐς
568 2555 619 2603 τὸ
662 2558 962 2620 παραχρῆμα,
1005 2556 1270 2603 admonitos
1312 2570 1415 2603 esse
1462 2559 1600 2604 velim
1644 2571 1739 2601 non
1785 2570 1866 2601 eos
1909 2560 2088 2599 tantum
2135 2556 2214 2614 qui
2256 2559 2337 2599 aut
2378 2557 2559 2614 peracti

205 2649 475 2696 certaminis
510 2649 727 2708 praemia
762 2651 1011 2708 expectant
1046 2655 1127 2692 aut
1163 2647 1223 2692 ad
1258 2649 1465 2693 futurum
1501 2662 1605 2694 sese
1641 2651 1906 2705 accingunt,
1943 2644 2025 2689 sed
2061 2658 2239 2691 omnes.

405 2737 500 2784 Sed
534 2740 708 2797 scripto
745 2742 957 2797 praestat
981 2736 1171 2781 dictum.
1246 2737 1370 2795 Ergo
1411 2735 1575 2783 adeste
1600 2738 1868 2796 frequentes
1906 2734 1966 2779 ad
2003 2734 2287 2779 audiendam
2324 2736 2413 2778 viri
2449 2733 2556 2778 doc-

204 2829 370 2876 tissimi
406 2829 669 2873 orationem
705 2831 751 2873 et
785 2827 1018 2872 solemnia
1053 2826 1370 2872 universitatis
1406 2831 1598 2872 nostrae
1634 2824 2024 2872 concelebranda.
