2799 3723
1150 83 1740 128 --14---Δ

227 216 329 265 111
365 216 552 263 exulem
577 215 802 263 historiae
835 230 1032 278 operam
1056 228 1259 262 navasse
1293 216 1575 274 significavit
1614 222 1774 263 tamen
1810 220 1861 263 ut
1894 217 2150 265 Thraciam
2184 232 2281 266 non
2317 232 2589 266 conmemo-

228 311 381 354 raret:
438 303 745 370 Thucydiden
788 306 1104 369 inperatorem
1139 304 1440 352 Athenienses
1472 305 1525 352 in
1560 304 1760 353 exilium
1793 320 1943 368 eyere,
1986 321 2151 354 rerum
2185 307 2473 355 conditorem
2507 321 2586 354 re-

226 412 466 451 vocavere,
511 395 817 460 eloquentiam
855 393 1023 442 mirati
1058 393 1188 441 euius
1227 393 1446 442 virtutem
1480 394 1845 453 damnaverant,
1891 400 1971 459 qui
2005 414 2127 447 unus
2162 405 2414 462 praeterea
2456 416 2590 449 revo-

229 493 389 538 catum
424 490 486 536 ab
522 489 661 536 exilio
695 501 790 533 non
826 488 1078 546 ignoravit,
1114 487 1213 533 sive
1248 485 1450 534 Oenobii
1486 491 1701 534 statuam·
1720 489 1824 548 ipse
1860 502 2048 550 quoque
2081 490 2288 551 viderat,
2325 506 2426 551 seu,
2462 490 2587 553 quod

228 581 330 626 fere
364 577 731 640 praeferendum
766 577 885 623 mihi
920 575 1121 636 videtur,
1156 576 1447 636 Thucydidis
1483 578 1631 624 verba
1664 578 1713 623 in
1750 578 1781 623 1.
1809 579 1856 639 5,
1888 578 1952 625 26
1988 581 2153 641 viginti
2186 593 2276 642 per
2310 594 2462 629 annos
2499 563 2608 629 exi·>

227 670 344 715 lium
380 668 577 713 durasse
613 667 907 714 adfirmantis
943 669 1104 728 paullo
1141 670 1388 727 cogitatius
1423 682 1567 728 quam
1603 673 1746 715 ceteri
1781 670 1980 728 legerat.
2048 665 2350 718 Interfectum
2387 671 2592 733 denique

226 760 276 805 in
312 759 518 805 Thracia
557 760 651 805 fert
692 758 971 804 Plutarchus
1012 758 1119 805 loco
1161 772 1303 818 quem
1343 759 1469 805 infra
1501 761 1867 820 transscribam,
1909 762 1958 808 in
1994 760 2148 807 reditu
2189 761 2454 808 Pausanias
2491 762 2521 807 l.
2558 763 2591 808 1.

227 850 307 909 qui
343 852 594 910 praeterea
631 847 690 894 de
725 847 930 896 Oenobii
966 847 1155 894 decreto
1193 848 1416 894 certiores
1451 848 1580 909 facit,
1624 849 1749 910 quod
1784 865 1948 897 omues
1983 854 2175 911 praeter
2210 866 2355 898 unum
2390 852 2592 898 fortasse

226 938 434 986 Plinium
475 938 654 998 fugisse
696 937 906 998 videtur,
942 943 993 984 ut
1028 937 1290 998 Polemoni,
1333 951 1425 997 quo
1462 941 1579 984 teste
1608 938 1869 999 Didymum
1913 956 2051 988 usum
2090 956 2194 988 esse
2237 944 2434 1002 scimus,
2478 957 2593 989 num

226 1030 334 1089 ipsa
367 1028 572 1078 Oenobii
609 1033 765 1075 statua
801 1042 946 1074 causa
982 1029 1123 1074 fuerit
1164 1043 1248 1073 cur
1282 1029 1331 1073 in
1367 1026 1499 1072 libris
1535 1027 1594 1073 de
1630 1044 1740 1075 arce
1777 1031 2072 1077 Athenarum
2115 1031 2174 1077 de
2210 1037 2372 1079 nostro
2409 1032 2594 1092 Thucy·

227 1118 337 1166 dide
374 1124 421 1166 et
456 1120 514 1166 de
545 1120 796 1166 Pharsalio
831 1121 944 1165 item
977 1119 1244 1179 dissereret,
1282 1119 1500 1166 dubitare
1535 1122 1704 1181 possis,
1740 1135 2027 1183 quamquam
2059 1123 2177 1169 nihil
2213 1124 2406 1170 omniuo
2441 1123 2506 1170 ibi
2534 1122 2593 1169 de

226 1210 310 1256 illa
344 1215 501 1257 statua
535 1210 844 1257 Polemonem
882 1209 1054 1256 dixisse
1091 1212 1269 1269 pariter
1306 1221 1377 1258 est
1412 1212 1639 1259 dissimile
1675 1214 1790 1258 veri.

429 1301 625 1347 Maioris
669 1302 813 1347 etiam
848 1304 1077 1347 momenti
1115 1307 1239 1347 esset
1274 1303 1504 1363 Stephani
1542 1305 1756 1362 Byzantii
1800 1304 1930 1349 locus
1967 1318 2003 1348 s.
2042 1318 2085 1348 v.
2132 1301 2422 1362 Παρπάρων·
2451 1301 2594 1364 χώρα

226 1388 276 1436 ἐν
308 1387 435 1451 Ἀσίᾳ
476 1387 590 1436 ἔνθα
634 1389 869 1451 ἱστοροῦσι
908 1390 1196 1454 θουκυόίὸην
1232 1391 1482 1439 ἀποθανεῖν
1517 1395 1588 1447 ὡς
1615 1391 1974 1452 Ἀπολλόδωρος
2005 1391 2056 1438 ἐν
2083 1395 2316 1455 χρονικῶν
2358 1390 2594 1452 δευτέρῳ·

224 1479 344 1533 τινὲς
376 1479 434 1526 δὲ
469 1479 668 1543 Περίνην
709 1479 994 1547 (Meinekius
1032 1485 1212 1542 recepit
1246 1482 1575 1546 Περπερήνην)
1614 1486 1750 1529 τοῦτο
1785 1482 1997 1535 καλοῦσι,
2035 1482 2266 1544 siquidem
2302 1481 2594 1542 Thucydidis

225 1585 400 1616 nomen
437 1585 522 1617 suo
559 1573 665 1618 loco
691 1552 852 1618 staret.
925 1573 1126 1619 Seidleri
1156 1573 1347 1634 quidem
1382 1576 1701 1621 coniecturam
1728 1579 1883 1620 utrum
1921 1587 2027 1619 cum
2053 1573 2293 1633 Goellero,
2331 1573 2595 1631 Classenio,

226 1661 331 1707 aliis
368 1663 712 1722 amplectamur
758 1679 819 1710 an
863 1678 1033 1711 revera
1068 1663 1393 1723 Thucydidem
1438 1667 1486 1710 in
1524 1667 1641 1711 Asia
1683 1668 1920 1709 mortuum
1965 1663 2216 1709 tradidisse
2253 1663 2596 1723 Apollodorum

224 1752 364 1797 nobis
388 1752 782 1812 persuadeamus,
819 1756 1008 1800 nonita
1031 1755 1228 1800 multum
1268 1755 1434 1800 differt.
1506 1755 1635 1799 Licet
1671 1755 1795 1798 enim
1832 1754 2005 1798 Perine
2041 1754 2117 1798 vel
2152 1754 2306 1798 Perne
2343 1768 2373 1798 a
2406 1755 2598 1813 Scapte-

225 1842 331 1887 sula
366 1856 462 1887 non
499 1843 698 1888 multum
737 1845 957 1903 abfuerit,
993 1849 1152 1890 tamen
1179 1860 1373 1905 prorsus
1408 1845 1697 1905 singularem
1733 1845 1879 1890 fuisse
1913 1843 2045 1889 illam
2074 1843 2348 1904 Apollodori
2379 1844 2596 1890 notitiam

225 1938 271 1977 et
307 1948 336 1978 a
372 1935 567 1993 reliquis
592 1934 790 1992 Didymi
827 1936 1099 1981 auctoribus
1137 1937 1341 1981 alienam
1380 1935 1591 1995 adparet.
1661 1936 1764 1994 Ego
1801 1949 1916 1980 vero
1952 1949 2050 1979 non
2076 1935 2310 1993 perspicio
2341 1935 2421 1993 qui
2446 1934 2596 1978 Krue·

225 2037 365 2082 gerus
391 2024 422 2068 l.
442 2024 473 2068 1.
493 2037 538 2083 p.
562 2025 625 2069 55
646 2037 781 2069 suam
810 2025 911 2083 ipse
939 2023 998 2069 de
1024 2024 1129 2070 loco
1150 2026 1379 2085 Stephani
1404 2027 1744 2082 coniecturum,
1771 2023 2064 2083 Thucydidis
2091 2038 2265 2070 nomen
2296 2036 2410 2069 casu
2435 2022 2594 2082 aliquo

224 2128 312 2173 pro
338 2114 586 2159 Hellanico
610 2114 883 2174 inrepsisse,
908 2115 1234 2160 Seidlerianae
1259 2116 1462 2160 Pei-ineu
1498 2130 1583 2173 pro
1609 2117 1762 2160 Perne
1795 2116 1917 2159 falso
1943 2116 2233 2159 nominatam
2261 2126 2382 2171 esse,
2408 2111 2598 2171 postha—

227 2204 338 2249 bere
376 2205 594 2262 potuerit.
664 2204 831 2262 Neque
858 2206 981 2249 enim
1009 2205 1212 2249 Perinae
1237 2205 1387 2262 illum,
1423 2207 1502 2264 qui
1529 2218 1652 2249 nunc
1677 2207 1878 2263 scriptus
1905 2208 1975 2249 est
1999 2203 2317 2261 Thucydides,
2355 2209 2594 2248 mortuum

225 2306 330 2338 esse
365 2292 629 2339 tradiderat
656 2293 991 2352 Apollodorus,
1028 2299 1077 2339 ut
1114 2295 1174 2339 ab
1200 2296 1372 2340 Perine
1399 2293 1457 2339 ad
1485 2295 1670 2339 Pernen
1697 2294 1848 2339 facilis
1875 2300 1999 2339 esset
2030 2295 2268 2351 transitus,
2307 2307 2596 2353 quamquam

223 2384 412 2428 Pernen
456 2397 644 2442 quoque
686 2390 876 2441 praeter
915 2385 1116 2429 Perinen
1164 2385 1409 2444 adgnoscit
1454 2385 1745 2443 Stephanus,
1789 2384 1873 2429 sed
1908 2385 2189 2444 Parparone
2226 2384 2359 2428 illum
2395 2385 2442 2429 in
2482 2384 2597 2429 Asia

223 2474 406 2533 perisse
452 2472 648 2518 dixerat.
719 2474 780 2519 Et
823 2475 927 2533 quis
970 2474 1108 2519 facile
1158 2475 1245 2521 sibi
1291 2473 1576 2534 persuadeat
1618 2489 1771 2534 neque
1818 2473 2161 2534 Apollodorum
2205 2472 2263 2518 de
2317 2473 2462 2518 variis
2504 2474 2597 2518 iliis

225 2563 426 2609 aliorum
467 2562 787 2623 opinionibus,
825 2577 947 2623 quae
985 2569 1169 2610 exstant
1205 2564 1331 2624 apud
1369 2564 1712 2622 Marcellinum,
1749 2562 2006 2623 quidquam
2044 2569 2319 2622 conpertum
2358 2563 2597 2619 habuisse,

224 2667 379 2713 neque
416 2652 678 2712 Didymum
716 2652 775 2698 de
814 2654 904 2698 hac
941 2655 1236 2714 Apollodori.
1309 2655 1630 2714 Quamobrem
1655 2668 1850 2699 necesse
1888 2659 1958 2699 est
1984 2653 2286 2712 Thucydides
2318 2655 2422 2698 loco
2460 2653 2599 2698 cedat

225 2743 353 2804 apud
389 2744 686 2804 Stephanum
721 2744 987 2804 Hella-nico,
1025 2760 1164 2806 quem
1204 2748 1504 2806 Perperenae
1540 2752 1778 2791 mortuum
1816 2759 1920 2791 esse
1957 2749 2157 2790 constat.

425 2835 626 2880 Iamiam
664 2836 1000 2894 quaerentibus
1042 2837 1203 2896 nobie,
1249 2837 1374 2881 unde
1409 2838 1630 2897 petierint
1663 2837 1795 2881 illam
1839 2835 1897 2880 de
1934 2834 2211 2894 Thucydide
2247 2836 2464 2881 notitiam
2498 2848 2596 2879 non

223 2926 555 2983 Marcellinus,
603 2927 851 2984 Antyllus,
887 2925 1147 2985 Didymus,
1183 2927 1267 2972 sed
1305 2941 1505 2987 quorum
1543 2926 1591 2970 hi
1627 2928 1839 2971 nituntur
1875 2928 2154 2971 auctoritate
2189 2924 2445 2981 Polemon,
2480 2922 2597 2968 Her-

224 3016 430 3075 mippus,
466 3017 702 3076 Zopyrus,
740 3015 1010 3077 Cratippus,
1048 3018 1356 3076 gravissimus
1394 3020 1520 3062 certe
1557 3018 1685 3062 testis
1710 3017 1865 3076 primo
1904 3020 1950 3061 et
1973 3020 2141 3076 quarto
2179 3017 2435 3075 quintoque
2473 3014 2595 3059 libro

224 3105 284 3152 de
320 3121 371 3153 se
401 3108 503 3167 ipse
539 3108 739 3168 loquens
764 3106 1068 3165 Thucydides
1103 3121 1155 3154 se
1199 3108 1366 3154 obfert.
1439 3106 1709 3154 Secundum
1746 3107 1903 3152 locum
1941 3111 2068 3152 tenet
2105 3107 2374 3166 sepulcrum
2410 3104 2596 3161 Thucy·

223 3196 346 3242 didis
382 3199 586 3256 positum
625 3196 741 3242 illud
778 3211 886 3242 cum
910 3195 1046 3244 Olori
1080 3198 1245 3257 patris,
1286 3211 1391 3242 cum
1419 3196 1659 3255 Miltiadis,
1697 3196 1925 3256 Cimonis,
1962 3175 2208 3256 Elpinicae
2244 3199 2291 3242 in
2318 3209 2595 3241 monumen-

222 3290 281 3335 tis
319 3288 548 3336 Cimoniis
584 3302 735 3349 prope
772 3291 960 3347 portam
996 3287 1313 3346 Melitensem,
1357 3303 1499 3347 quam
1537 3293 1694 3332 certae
1731 3290 1914 3347 regioni
1951 3287 2204 3346 adsignare
2240 3285 2453 3331 nondum
2489 3299 2597 3329 con-

225 3381 340 3437 tigit.
412 3378 463 3424 Id
501 3379 773 3439 sepulcrum
817 3393 912 3423 non
955 3379 1070 3438 ipsis
1115 3378 1305 3438 quidem
1355 3379 1493 3423 nobis
1539 3379 1811 3423 examinare
1854 3379 1984 3436 licet,
2033 3378 2118 3423 sed
2162 3377 2450 3422 examinavit
2490 3375 2597 3419 Plu·

223 3468 443 3528 tarchus,
481 3469 562 3528 qui
599 3483 717 3514 unus
753 3469 883 3514 iuxta
917 3469 1185 3530 Elpinicam
1222 3468 1463 3515 conditum
1500 3482 1604 3515 esse
1640 3467 1969 3528 Thucydidem
2005 3471 2203 3515 testatur
2237 3470 2285 3515 in
2332 3469 2430 3514 vita
2474 3465 2593 3514 Cim.

223 3575 265 3607 c.
302 3561 336 3607 4
365 3563 521 3622 μνῆμα
556 3559 745 3607 δἀὀτοῦ
771 3562 861 3606 τῶν
897 3559 1131 3624 λειψάνων
1158 3558 1227 3615 εἰς
1260 3558 1337 3622 τὴν
1359 3555 1546 3621 Ἀττικὴν
1571 3556 1882 3619 κομισθέντων
1908 3557 1958 3606 ἐν
1982 3559 2080 3613 τοῖς
2103 3556 2348 3618 Κιμωνίοις·
2368 3555 2596 3604 δείκνυται
