2799 3723
1150 6 1445 92 „4²20
1513 78 1672 84 —

219 174 631 240 nuncupet-est
651 181 706 225 ut
726 177 1026 224 interfecti
1055 180 1240 225 tantum
1266 177 1562 239 Thucydidis
1604 185 1772 228 testem
1807 180 2059 240 intellegas
2082 181 2326 242 Zopyrum
2362 195 2470 230 cum
2506 181 2601 229 Rit-

143 263 146 265 ’
222 276 327 314 tero
360 279 407 328 p.
447 266 532 326 1²,
566 269 650 326 qui
681 268 751 314 ita
784 268 1031 328 utriusque
1073 267 1168 313 loci
1209 256 1578 327 discrepantiam
1621 268 1868 321 sustulisse
1914 270 2004 315 sibi
2045 271 2177 316 visus
2219 275 2317 329 est,
2363 277 2600 331 quemque

222 356 438 417 aquimi-
473 353 751 403 Classenius
784 369 833 417 p.
869 354 1093 416 XXVIII,
1127 368 1226 402 non
1259 356 1373 403 item
1405 356 1697 405 Schmidtius
1732 356 1765 403 l.
1791 356 1823 403 l.
1861 371 1908 418 p.
1945 357 2060 404 324.
2130 358 2323 405 Rectius
2359 357 2452 418 hic,
2488 371 2601 419 quo·

223 447 356 494 uiam
390 443 631 506 Didymus
665 445 888 506 primum,
923 450 976 491 ut
1011 445 1331 493 concedamus
1366 446 1630 506 paullisper
1663 446 1889 493 traditum
1926 462 1957 492 a
1988 447 2179 507 Zopyro
2215 448 2515 494 interfectum
2549 448 2599 493 in

222 534 432 582 Thi-acia
464 533 796 594 Thucydidem
831 534 1003 593 fuisse,
1045 547 1143 580 non
1179 536 1294 581 satis
1331 540 1440 596 apte
1475 536 1543 582 ita
1578 537 1671 582 hoc
1705 540 1824 581 teste
1861 537 1929 581 uti
1963 537 2138 595 potuit,
2183 543 2235 582 ut
2269 537 2496 595 alterum,
2532 549 2598 582 sc.

222 623 519 671 interfectum
558 636 665 671 esse
700 623 762 670 ab
796 622 898 682 illo,
934 624 1188 684 acciperet,
1225 624 1443 684 alterum,
1479 627 1527 672 in
1561 625 1785 684 Thracia,
1820 638 1916 671 non
1952 627 2154 672 reiceret
2189 631 2374 672 tantum
2394 624 2500 702 ⁴secl
2534 625 2602 670 ita

219 715 423 761 reiceret
464 720 516 760 ut
559 713 766 760 hominis
811 712 953 760 fldem
1001 715 1225 760 elevaret.
1296 715 1464 775 Neque
1509 714 1681 760 deinde
1725 714 1968 775 Zopyrum
2018 714 2135 760 illud
2180 715 2418 760 rettulisse
2458 715 2600 760 facile

220 804 306 851 tibi
348 802 667 865 persuadeas,
708 801 942 864 siquidem
989 817 1072 850 eos
1125 805 1207 864 qui
1248 819 1288 850 c.
1337 803 1403 851 30
1444 802 1552 850 ἐκεῖ
1583 800 1696 850 ἔνθα
1738 801 1813 849 καὶ
1854 801 2059 867 διέτριβε
2100 801 2253 866 φυγὰς
2291 800 2358 849 ὤν
2394 807 2426 850 i.
2472 819 2513 850 e.
2550 806 2599 849 in

220 893 431 939 Thracia
454 893 614 938 obisse
647 892 958 951 tradiderunt,
993 907 1090 938 non
1129 896 1187 938 de
1224 893 1370 938 caede
1406 894 1489 938 sed
1527 895 1800 939 necessaria
1825 893 1884 936 de
1919 900 2073 937 morte
2107 894 2340 952 cogitasse
2376 893 2595 938 vidimus.

221 983 353 1042 Quos
390 984 519 1028 enim
554 980 652 1028 illic
688 996 728 1027 c.
755 981 822 1027 30
857 983 1114 1041 significari
1149 987 1288 1042 putas
1323 983 1415 1026 nisi
1451 983 1530 1041 qui
1568 982 1657 1026 soli
1693 983 1793 1026 eius
1829 983 1899 1026 rei
1924 988 2067 1027 testes
2102 983 2410 1027 nominantur
2445 983 2597 1043 Zopy-

222 1085 303 1117 rus
347 1075 397 1117 'et
439 1071 718 1131 Cratippus,
771 1072 871 1116 sive
907 1086 994 1131 pro
1041 1072 1132 1116 hoc
1176 1072 1487 1132 Hermippum
1531 1085 1637 1115 cum
1683 1071 1863 1117 Rittero
1907 1072 1938 1117 l.
1982 1072 2012 1116 l.
2059 1085 2104 1130 p.
2144 1071 2206 1116 12
2254 1070 2597 1116 restituendum

222 1174 436 1220 censeas,
473 1166 523 1206 ut
557 1163 654 1207 iam
691 1161 873 1205 oriatur
897 1161 1103 1219 suspicio
1128 1160 1278 1205 verba
1301 1161 1431 1205 τοῦτο
1467 1158 1525 1205 δέ
1561 1175 1674 1221 φησι
1706 1157 1940 1219 Ζώπυρον
1976 1157 2171 1219 ἱστορεῖν
2207 1161 2281 1206 vel
2315 1174 2341 1206 e
2380 1161 2596 1220 margine

217 1253 294 1298 vel
331 1266 357 1296 e
392 1251 699 1311 praecedenti
735 1251 970 1295 versiculo
1006 1252 1054 1295 in
1092 1255 1369 1309 sequentem
1404 1251 1530 1294 male
1569 1250 1841 1307 inrepsisse.

424 1339 604 1384 Verum
629 1340 670 1384 si
695 1343 852 1384 essent
876 1339 997 1384 haec
1016 1341 1178 1385 omnia
1202 1338 1375 1383 nullius
1400 1339 1625 1383 momenti
1654 1343 1700 1382 et
1723 1352 1893 1384 revera
1913 1339 2130 1398 Zopyrus
2155 1340 2452 1386 interfectum
2472 1340 2596 1386 Thu-

223 1429 444 1488 cydidem
485 1429 857 1487 adfirmavisset,
895 1442 1018 1489 quae
1056 1428 1247 1472 tandem
1285 1429 1409 1473 illius
1447 1436 1571 1473 esset
1607 1428 1894 1473 auctoritas?
1956 1429 2081 1474 Num
2115 1433 2278 1488 posset
2321 1443 2379 1474 ea
2416 1434 2599 1476 tantum

221 1518 347 1578 apud
385 1532 472 1563 nos
510 1494 690 1575 valere,
727 1524 771 1562 ut
811 1532 953 1577 quam
992 1519 1319 1577 quaestionem
1357 1520 1500 1562 ceteri
1539 1519 1822 1562 coniecturis
1860 1518 2082 1576 expedire
2119 1517 2412 1577 studuerunt,
2450 1533 2595 1564 unum

216 1607 275 1653 de
313 1621 370 1652 ea
397 1608 640 1666 Zopyrum
666 1606 997 1653 adfirmantem
1024 1615 1249 1667 tanquam
1275 1606 1500 1653 idoneum
1532 1611 1700 1652 testem
1726 1605 2014 1665 audiremus,
2052 1613 2098 1652 et
2133 1607 2265 1653 cuius
2300 1608 2348 1653 in
2385 1607 2588 1653 testimo·

218 1699 298 1743 nio
335 1705 522 1743 veteres
560 1697 867 1757 adquiescere
905 1698 1174 1754 noluerunt,
1210 1699 1256 1742 iu
1295 1709 1351 1742 eo
1389 1697 1525 1741 nobis
1563 1694 1967 1754 adquiescendum
2004 1711 2107 1741 esse
2144 1696 2488 1742 statueremus?

424 1786 507 1831 Sin
546 1791 718 1843 autem,
759 1792 807 1830 ut
843 1799 987 1844 supra
1024 1784 1469 1841 demonstravimus,
1506 1784 1803 1829 interfectum
1837 1784 2164 1843 Thucydidem
2203 1800 2323 1830 unus
2356 1785 2591 1844 Didymus

218 1875 393 1934 docuit,
433 1874 556 1921 unde
582 1876 674 1921 hoc
699 1878 953 1935 sumpserit
980 1878 1252 1921 coniectura
1288 1882 1443 1935 potest
1478 1875 1700 1934 explicari
1740 1876 1852 1919 satis
1888 1876 2139 1934 probabili.
2198 1875 2434 1934 Didymus
2471 1878 2596 1921 enim

218 1982 324 2012 cum
369 1966 658 2025 reliquorum
698 1967 945 2025 opiniones
991 1965 1251 2023 refelleret,
1300 1979 1393 2008 non
1440 1966 1591 2023 potuit
1633 1978 1728 2008 non
1771 1965 1895 2010 illius
1941 1962 2084 2023 ῖκρίου
2132 1978 2319 2024 quoque
2362 1967 2597 2012 rationem

216 2058 420 2116 habere,
475 2058 606 2101 cuius
651 2057 777 2100 enim
832 2056 1219 2114 interpretatione
1268 2055 1370 2099 sola
1414 2059 1464 2097 ut
1505 2052 1698 2112 quidam
1742 2059 1979 2100 mortuum
2032 2055 2080 2100 in
2118 2054 2324 2101 Thracia
2377 2060 2598 2115 putarent

218 2146 435 2190 effectum
477 2151 596 2202 erat,
633 2144 679 2189 id
718 2145 807 2203 ipsi
845 2143 903 2189 ad
943 2144 1086 2189 aliam
1125 2144 1444 2189 calamitatem
1481 2142 1783 2187 referendum
1823 2148 1938 2187 erat.
2011 2143 2176 2202 Neque
2201 2143 2249 2188 id
2275 2160 2371 2189 non
2407 2146 2596 2189 licuisse

216 2236 402 2280 videtur
444 2248 531 2294 per
580 2236 735 2292 ipsam
777 2234 966 2278 illorum
1011 2234 1472 2290 argumentationem
1516 2229 1591 2275 καί
1632 2230 1815 2290 νόμιμον
1865 2228 2058 2276 Ἀττικὸν
2110 2235 2200 2276 τῶν
2248 2231 2325 2277 ἐπὶ
2375 2233 2595 2294 τοιαύτῃ

217 2323 439 2387 δυστυχίᾳ
485 2320 895 2383 τετελευτηκότων.
959 2322 1139 2380 Quodsi
1192 2322 1250 2365 de
1294 2321 1438 2366 caede
1483 2335 1593 2367 eum
1643 2321 1756 2366 illud
1800 2321 2086 2367 intellexisse
2135 2325 2455 2382 suspicamur,
2505 2323 2596 2368 hoc

217 2420 377 2462 cetera
419 2413 632 2460 eiusdem
668 2412 864 2472 Didymi
910 2413 1320 2471 argumentatione
1367 2413 1561 2457 minime
1605 2410 1853 2470 indignum
1897 2426 2000 2458 esse
2044 2413 2271 2471 arbitror,
2315 2413 2595 2471 praesertim

216 2520 324 2550 cum
368 2504 426 2549 ad
474 2504 708 2549 Pisistrati
749 2508 937 2562 gentem
974 2517 1069 2546 non
1107 2503 1388 2560 pertinuisse
1424 2501 1539 2546 illud
1578 2502 1819 2546 decretum
1867 2508 2061 2559 propter
2096 2501 2143 2546 id
2179 2504 2334 2560 ipsum
2380 2501 2597 2546 videatur

215 2595 477 2648 monuisse,
513 2600 563 2638 ut
599 2606 744 2638 causa
782 2591 940 2637 caedis
977 2593 1215 2651 patefacta
1251 2592 1572 2636 coniecturam
1610 2604 1744 2635 suam
1783 2591 2006 2635 firmaret.
2074 2646 2078 2650 ¹

425 2681 564 2727 Certe
600 2688 791 2739 praeter
827 2696 972 2726 unum
1008 2682 1316 2726 Plutarchum
1343 2680 1460 2725 Cim.
1489 2694 1529 2724 c.
1555 2680 1603 2737 4,
1641 2680 1718 2738 qui
1748 2680 1877 2724 hisce
1914 2680 2071 2724 verbis
2096 2675 2172 2722 καὶ
2205 2676 2474 2740 τελευτῆσαι
2508 2679 2596 2738 μὲν

216 2768 267 2814 ἐν
304 2769 357 2831 τῇ
393 2768 580 2830 Σκαπτῇ
615 2767 722 2830 ὕλῃ,
767 2771 900 2813 τοῦτο
936 2766 993 2811 δέ
1031 2766 1127 2812 ἐστι
1162 2769 1246 2828 τῆς
1285 2761 1473 2828 θρᾴκης
1504 2765 1702 2828 χωρίον,
1737 2765 1933 2827 λέγεται,
1976 2769 2023 2812 in
2062 2767 2232 2826 quibus
2268 2767 2596 2826 Scaptesulam

215 2874 405 2919 quoque
443 2860 661 2919 quamvis
698 2858 824 2902 facili
864 2858 1137 2901 coniectura
1175 2856 1232 2901 de
1270 2869 1355 2901 suo
1391 2855 1578 2900 videtur
1614 2855 1870 2914 addidisse,
1913 2856 2038 2900 male
2075 2856 2315 2915 subiungit
2350 2853 2600 2916 φονευθεὶς·

214 2947 332 3006 ἐκεῖ,
368 2954 559 3006 praeter
595 2949 722 2991 hunc
749 2961 890 2991 nemo
927 2947 1226 2989 interfectum
1262 2947 1311 2989 in
1336 2945 1544 2989 Thracia
1569 2944 1775 3002 tradidit,
1815 2945 1898 2989 sed
1925 2951 2007 2989 aut
2043 2945 2113 2988 ab
2151 2945 2325 2990 exilio
2362 2958 2597 2990 revoca-

214 3045 325 3083 tum
364 3037 635 3095 Athenis,
673 3042 723 3081 ut
748 3036 1002 3094 Didymus,
1038 3034 1113 3079 vel
1139 3036 1187 3079 in
1212 3036 1397 3093 itinere,
1435 3039 1484 3079 ut
1507 3034 1789 3093 Pausanias,
1826 3036 2221 3093 interfectum,
2260 3039 2340 3080 aut
2372 3036 2595 3082 exulem

213 3130 271 3172 in
308 3127 560 3171 Thracia
596 3126 934 3170 necessaria
969 3129 1122 3169 morte
1147 3124 1327 3182 perisse
1351 3119 1455 3168 Ma.
1485 3123 1550 3170 30
1583 3121 1834 3169 ἀποθανεῖν
1859 3122 1924 3169 33
1950 3120 2001 3168 ἐν
2041 3120 2200 3184 θρᾴκῃ
2223 3121 2596 3185 τετελευτηκέναι

213 3217 280 3262 45
317 3213 527 3260 ἀπέθανε
564 3213 620 3258 δὲ
645 3247 656 3258 .
682 3247 693 3257 .
720 3247 731 3258 .
757 3212 808 3259 ἐν
842 3213 897 3276 τῇ
936 3210 1097 3274 θρᾴκῃ
1132 3209 1230 3258 Μο.
1268 3214 1332 3259 55
1368 3210 1645 3274 ἐτελεύτησε
1687 3211 1744 3258 δὲ
1779 3210 1829 3258 ἐν
1865 3213 1921 3275 τῇ
1947 3208 2121 3274 θρᾴκῃ.
2145 3212 2277 3259 Sicut
2304 3218 2461 3259 autem
2486 3214 2595 3259 Plu-

217 3308 410 3353 tarchus
448 3304 643 3351 caedem
670 3311 864 3365 propter
889 3305 1240 3362 neglegentiam
1264 3305 1313 3348 in
1339 3303 1594 3348 Thraciam
1620 3304 1860 3360 transfert,
1896 3304 1962 3347 ita
1987 3316 2255 3361 anonymus
2281 3318 2320 3348 e.
2358 3303 2389 3348 8
2425 3304 2592 3348 morbo

212 3397 326 3441 facit
362 3397 643 3440 morientem
681 3394 897 3439 Athenis.

419 3486 552 3530 Haec
588 3486 628 3530 si
654 3489 782 3529 recte
820 3498 849 3528 a
883 3498 960 3528 me
997 3483 1236 3543 disputata
1272 3486 1397 3540 sunt,
1435 3487 1481 3525 et
1519 3482 1708 3540 siquae
1746 3480 1804 3526 de
1830 3494 2004 3540 genere
2031 3480 2322 3540 Thucydidis
2359 3486 2405 3527 et
2439 3485 2591 3527 morte
