2799 3723
1388 147 1418 191 5

229 282 406 328 diversi
440 281 646 327 auctoris
681 293 786 326 esse
819 282 1020 339 putabis.
1091 280 1186 328 Sed
1220 275 1272 326 u't
1305 281 1388 326 illa
1422 279 1481 325 de
1515 278 1710 337 Didymi
1747 279 1972 339 opusculo
2013 279 2199 338 prolata
2233 277 2469 323 sententia
2503 291 2575 322 ar-

227 372 462 434 gumentis
507 372 669 417 nititur
711 371 1012 438 futilissimis,
1054 373 1122 417 ita
1163 385 1285 433 quae
1321 370 1380 417 de
1417 370 1602 417 dicendi
1635 383 1809 431 genere
1850 372 1899 415 in
1935 383 1994 414 ea
2027 368 2291 414 Marcellini
2331 373 2467 430 parte
2502 381 2577 413 ex·

226 460 380 521 posita
421 463 552 520 sunt,
594 473 690 506 non
726 461 1110 521 grammaticum,
1151 460 1305 522 qualis
1345 459 1579 519 Didymus
1622 473 1729 506 cum
1772 458 1912 518 alias,
1955 462 2054 503 tum
2096 458 2284 518 saepius
2327 455 2386 502 ad
2435 456 2576 517 expli·

233 548 411 595 candos
447 552 660 595 oratores
696 564 894 608 graecos
928 551 976 596 in
1013 549 1231 610 ‘Didymi
1267 549 1563 598 Chalcenteri
1597 548 1885 608 fragmentis'
1921 547 2128 594 collectis
2165 562 2194 592 a
2227 547 2291 593 M.
2315 544 2574 594 Schmidtio

227 656 274 701 p.
304 640 420 700 310,
447 639 562 698 312,
596 638 711 697 314,
738 639 836 686 315
873 642 1055 699 citatur,
1090 640 1174 686 sed
1208 640 1474 700 rhetoricae
1510 638 1750 685 doctorem
1785 639 1996 707 sapiunt,
2032 642 2078 683 et
2110 638 2329 695 Dionysii
2364 635 2576 682 eiusdem

228 730 664 778 Halicarnassensis
699 743 821 790 quae
858 729 916 776 de
953 729 1230 789 Thucydide
1263 730 1558 789 potissimum
1598 729 1874 788 conscripsit
1916 727 2144 787 opuscula
2178 741 2272 773 non
2316 731 2575 786 carpuntur

225 823 378 867 solum
412 824 533 864 tecte
573 819 656 864 sed
703 820 916 879 pluribus
965 821 1107 865 etiam
1157 820 1273 864 locis
1329 823 1602 878 repetuntur
1661 820 1803 863 etiam
1857 820 1906 862 in
1962 821 2116 876 prima
2170 817 2253 861 illa
2309 816 2575 861 Marcellini

224 915 375 973 parte.
423 909 568 969 Carpi
601 910 886 969 Dionysium
922 908 1026 955 dico
1062 909 1219 955 verbis
1254 909 1401 954 Marc.
1438 922 1478 954 c.
1506 908 1570 954 41
1609 905 1717 967 περὶ
1749 906 1806 953 δὲ
1841 905 1997 968 πάσης
2028 909 2111 969 τῆς
2143 908 2412 968 συγγραφῆς
2445 903 2572 951 ἐτόλ-

220 999 374 1062 μησάν
417 1012 538 1051 τινες
576 996 899 1060 ἀποφήνασθαι
939 998 1007 1045 ὅτι
1041 996 1151 1044 αὐτὸ
1197 995 1248 1043 τὸ
1294 993 1424 1051 εἶδος
1463 1000 1547 1060 τῆς
1584 999 1853 1059 συγγραφῆς·
1893 995 1982 1042 οὐκ
2026 992 2121 1040 ἔστι
2159 995 2417 1057 ῥητορικῆς
2458 994 2574 1040 ἀλλὰ

223 1090 468 1151 ποιητικῆς.
529 1088 789 1147 Dionysius
826 1089 950 1133 enim
987 1089 1038 1133 in
1074 1088 1276 1149 epistula
1311 1087 1372 1132 ad
1406 1088 1683 1148 Pompeium
1718 1100 1763 1146 p.
1793 1086 1884 1131 777
1923 1086 1996 1131 ed.
2035 1085 2195 1131 Reisk.
2235 1084 2416 1130 dixerat
2452 1085 2574 1130 haec

225 1175 296 1225 ἵνα
330 1176 387 1224 δὲ
422 1175 630 1223 συνελὼν
666 1174 797 1234 εἴπω,
833 1175 965 1223 καλαὶ
992 1176 1078 1237 μὲν
1116 1175 1165 1222 αἱ
1194 1176 1404 1239 ποιήσεις
1435 1174 1713 1238 ἀμφότεραι·
1749 1174 1807 1222 οὐ
1831 1174 1919 1235 γὰρ
1954 1172 2009 1220 ἂν
2037 1172 2324 1237 αἰσχυνθείην
2362 1175 2574 1237 ποιήσεις

223 1266 366 1321 αὐτὰς
400 1268 649 1325 (Herodoti
675 1269 853 1315 scilicet
877 1268 1258 1328 Thucydidisque
1287 1268 1530 1323 historias)
1565 1264 1712 1326 λέγων
1746 1267 1827 1323 (cf.
1852 1267 2071 1324 Dionysii
2097 1271 2184 1311 art.
2212 1266 2331 1311 rhet.
2357 1280 2404 1324 p.
2431 1264 2569 1320 392).

223 1358 523 1417 Quamquam
567 1371 661 1403 non
709 1357 828 1417 fugit
861 1372 960 1416 me,
1003 1372 1107 1404 esse
1144 1356 1335 1418 aliquod
1375 1359 1497 1402 inter
1531 1361 1781 1416 utrumque
1822 1355 1978 1401 locum
2013 1353 2293 1414 discrimen,
2335 1360 2381 1401 et
2416 1369 2444 1401 a
2479 1356 2572 1403 De-

221 1450 389 1495 metrio
429 1462 615 1508 quoque
657 1448 913 1506 Phalereo,
956 1453 1006 1494 ut
1045 1450 1227 1494 monuit
1267 1449 1539 1505 Kruegerus
1581 1439 1641 1492 ad
1678 1447 1897 1505 Dionysii
1931 1441 2114 1502 locum,
2155 1446 2213 1492 de
2259 1446 2427 1491 elocut.
2473 1444 2568 1491 215

223 1537 431 1584 Ctesiam
467 1538 758 1598 adpellatum
793 1539 938 1583 fuisse
973 1545 1178 1598 poetam.
1248 1539 1412 1597 Neque
1457 1541 1618 1582 tamen
1659 1538 1725 1581 ita
1765 1536 1911 1582 multo
1949 1536 2121 1581 distant
2157 1536 2216 1582 ab
2260 1537 2327 1581 eis
2363 1550 2484 1595 quae
2521 1536 2568 1579 in

222 1626 431 1673 secunda
473 1627 736 1673 Marcellini
779 1634 912 1688 parte
949 1642 987 1673 c.
1027 1627 1090 1674 53
1134 1629 1392 1686 Dionysius
1433 1628 1651 1672 inmerito
1696 1626 1963 1685 Thucydidi
2007 1628 2118 1672 vitio
2166 1627 2360 1671 vertisse
2403 1624 2570 1670 dicitur

215 1716 444 1778 μέμφεται
476 1716 566 1776 γὰρ
602 1716 729 1777 αὐτῷ
763 1718 831 1771 ὡς
866 1718 979 1779 πεζῇ
1021 1716 1097 1762 καῖ
1130 1717 1332 1779 πολιτικῇ
1366 1716 1489 1768 λέξει
1523 1717 1729 1779 χρῆσθαι
1765 1715 1831 1777 μὴ
1871 1715 2133 1774 δυναμένῳ,
2176 1715 2263 1760 οὐκ
2304 1713 2449 1765 εἰδώς·
2482 1721 2567 1759 cet.

221 1821 343 1866 quae
387 1805 449 1851 ad
486 1807 701 1866 Dionysii
750 1808 998 1865 epistulam
1043 1806 1103 1852 ad
1141 1808 1421 1853 Ammaeum
1465 1806 1508 1852 II
1553 1821 1600 1866 p.
1641 1806 1737 1851 790
1772 1806 1990 1851 videntur
2025 1804 2276 1851 referenda
2317 1818 2447 1863 esse,
2489 1805 2569 1849 ubi

220 1896 521 1956 Thucydides
566 1896 734 1944 dicitur
775 1893 886 1943 ’ἴδιόν
929 1911 968 1943 τι
1008 1895 1145 1957 γένος
1186 1899 1486 1959 χαρακτῆρος
1535 1893 1646 1943 οὔτε
1699 1894 1833 1949 πεζὸν
1882 1894 2143 1950 αὐτοτελῶς
2193 1893 2289 1942 οὔτ’
2342 1891 2568 1954 ἔμμετρον

221 1984 592 2048 ἀπηρτισμένως,
649 1985 800 2033 κοινὸν
853 1985 909 2033 δέ
960 2003 998 2033 τι
1051 1986 1126 2034 καὶ
1170 1986 1327 2047 μικτὸν
1375 1985 1433 2039 ἐξ
1479 1984 1649 2048 ἀμφοῖν
1707 1985 2027 2047 ἐργασάμενος
2077 1984 2146 2040 εἰς
2208 1985 2286 2048 τὴν
2340 1984 2567 2046 ἱστορικὴν

220 2075 522 2135 πραγματείαν
574 2076 864 2123 ἐσπούδασεν
913 2076 1183 2140 εἰσαγαγεῖν,
1237 2081 1514 2140 quibuscum
1565 2084 1816 2138 praeterea
1861 2078 2198 2123 conferendum
2252 2076 2461 2121 eiusdem
2509 2076 2567 2119 de

219 2166 497 2226 Thucydide
532 2168 755 2213 iudicium
791 2184 836 2229 p.
875 2169 973 2214 886
1010 2174 1055 2213 et
1090 2169 1202 2217 839.

421 2256 570 2301 Adest
605 2258 795 2316 quidem
833 2259 952 2303 alius
988 2260 1169 2317 primae
1205 2260 1351 2318 partis
1394 2259 1526 2303 locus
1564 2272 1603 2303 c.
1642 2259 1728 2317 35,
1771 2273 1861 2317 quo
1900 2258 2021 2302 hanc
2057 2258 2117 2302 ab
2155 2258 2420 2316 antiquiore
2457 2269 2568 2314 quo-

219 2345 328 2390 dam
363 2347 597 2404 Dionysio
632 2346 821 2393 rhetore
862 2349 1122 2407 profectam
1165 2362 1269 2395 esse
1305 2350 1525 2394 conicias.
1595 2349 1780 2393 Etenim
1825 2361 1940 2407 quos
1983 2337 2080 2392 ille'
2106 2348 2154 2391 in
2189 2345 2284 2391 iud.
2323 2345 2380 2390 de
2416 2346 2564 2391 Thuc.

217 2449 263 2493 p.
292 2434 389 2480 939
415 2450 514 2495 seq.
541 2438 623 2493 (cf.
651 2435 747 2483 Cic.
775 2444 892 2481 orat.
920 2452 958 2482 c.
986 2437 1031 2495 9,
1059 2437 1123 2483 30
1155 2443 1200 2483 et
1226 2439 1374 2495 Blass,
1405 2439 1497 2483 Die
1524 2437 1828 2485 Griechische
1855 2435 2211 2483 Beredsamkeit
2243 2450 2335 2480 von
2365 2435 2565 2481 Alexan-

218 2523 302 2567 der
336 2524 409 2569 bis
446 2525 531 2570 auf
561 2526 799 2584 Augustus
835 2541 880 2585 p.
909 2526 1007 2571 100
1032 2527 1222 2583 et131)
1258 2541 1354 2572 non
1387 2528 1619 2586 ignobiles
1656 2527 1883 2587 quosdam
1922 2528 2033 2570 artis
2071 2527 2308 2570 oratoriae
2345 2525 2561 2569 doctores

217 2628 320 2659 esse
357 2614 482 2673 dicit,
519 2618 599 2675 qui
634 2617 886 2662 obscurum
911 2616 1199 2675 Thucydidis
1225 2621 1271 2662 et
1295 2632 1322 2661 a
1347 2620 1583 2663 communi
1615 2631 1832 2663 sermone
1856 2621 2087 2662 remotum
2113 2629 2261 2675 genus
2287 2614 2472 2659 dicendi
2497 2616 2564 2659 ita

216 2703 537 2763 defenderent,
564 2710 614 2750 ut
635 2720 730 2751 non
750 2707 1022 2766 volgaribus
1046 2707 1180 2751 illum
1203 2707 1470 2752 hominibus
1495 2706 1578 2752 sed
1604 2707 1966 2766 elegantioribus
1986 2712 2166 2750 tantum
2192 2705 2393 2764 ingeniis
2420 2705 2563 2761 scrip-

121 2841 123 2844 ,
215 2794 331 2838 sisse
358 2794 711 2855 contenderent,
749 2809 856 2840 cum
881 2797 954 2842 his
978 2799 1139 2842 noster
1163 2801 1325 2858 aperte
1348 2796 1461 2841 facit
1485 2810 1524 2841 c.
1551 2796 1615 2842 35
1640 2794 1837 2858 ἀσαφῶς
1871 2794 1927 2841 δὲ
1961 2793 2105 2856 λέγων
2131 2792 2359 2857 ἐπίτηδες,
2396 2790 2466 2837 ἵνα
2499 2792 2561 2855 μὴ

214 2886 346 2928 πᾶσιν
390 2881 462 2946 εἴη
495 2883 644 2948 βατὸς
678 2885 805 2947 μηδὲ
846 2885 1040 2949 εὐτελὴς
1073 2885 1279 2948 φαίνηται
1319 2885 1445 2932 παντὶ
1485 2887 1552 2948 τῷ
1582 2886 1860 2952 βουλομένῳ
1901 2885 2157 2939 νοούμενος
2195 2884 2410 2947 εὐχερῶς
2446 2882 2564 2928 ἀλλὰ

212 2973 310 3027 τοῖς
341 2971 436 3018 λίαν
471 2974 643 3036 σοφοῖς
674 2974 1034 3036 δοκιμαζόμενος
1067 2974 1194 3036 παρὰ
1228 2975 1407 3031 τούτοις
1437 2977 1728 3040 θαυμάζηται.
1787 2977 1942 3023 Potuit
1977 2982 2135 3023 tamen
2171 2977 2247 3022 vel
2282 2976 2403 3021 haec
2434 2975 2564 3020 ‘Mar-

213 3061 409 3108 cellinus
446 3075 472 3109 e
507 3063 743 3125 Dionysio
786 3067 835 3112 in
871 3079 1006 3113 suum
1044 3080 1181 3113 usum
1217 3070 1516 3128 convertere,
1559 3068 1678 3114 sicut
1715 3065 1883 3114 eodem
1916 3066 2020 3113 loco
2057 3064 2182 3127 quod
2226 3063 2283 3111 de
2320 3063 2562 3112 Herodoto

210 3154 471 3213 Dionysius
507 3155 554 3199 in
593 3168 666 3215 ep.
705 3155 766 3201 ad
801 3157 966 3217 Pomp.
1003 3172 1049 3217 p.
1089 3156 1183 3202 772
1222 3156 1402 3202 dixerat
1431 3151 1627 3219 Ὁμήρου
1669 3155 1873 3219 ζηλωτὴς
1912 3155 2163 3216 γενόμενος
2204 3157 2306 3216 ipse
2344 3155 2404 3201 ad
2441 3155 2563 3201 Thu·

212 3243 432 3303 cydidem
476 3259 614 3291 suum
659 3245 915 3307 adplicavit
967 3245 1173 3309 ζηλωτὴς
1213 3244 1270 3291 δὲ
1308 3243 1493 3306 γέγονεν
1535 3248 1562 3293 ὁ
1610 3246 1901 3309 θουκυδίδης·
1945 3244 2014 3300 εἷς
2049 3245 2136 3306 μὲν
2183 3245 2262 3309 τὴν
2305 3243 2561 3301 οἰκονομίαν

205 3330 419 3397 Ὁμήρου,
454 3334 694 3394 Πινδάρου
729 3337 787 3382 δὲ
822 3335 892 3390 εἷς
924 3336 974 3382 τὸ
1004 3336 1305 3398 μεγαλοφυές
1339 3339 1416 3394 (cf.
1446 3340 1647 3398 Dionys.
1679 3339 1738 3383 de
1772 3353 1907 3397 conp.
1933 3339 2062 3383 verb.
2088 3354 2135 3398 p.
2162 3339 2262 3383 150
2298 3340 2447 3397 seq.)3
2483 3342 2563 3381 aut

209 3430 399 3485 praeter
440 3427 727 3485 Dionysium
772 3441 1017 3474 censorem
1058 3428 1349 3487 Thucydidis
1398 3430 1609 3474 eiusdem
1650 3432 1790 3474 etiam
1839 3429 2173 3473 admiratorem
2217 3431 2378 3474 nescio
2422 3441 2561 3488 quem

210 3516 311 3560 sive
352 3511 474 3576 ipse'
496 3516 735 3577 adhibuit,
778 3519 878 3565 sive
920 3520 960 3565 is
1008 3532 1146 3580 quem
1195 3522 1406 3582 sequitur
1447 3524 1702 3567 auctorem.
1773 3520 1936 3580 Itaque
1979 3520 2139 3566 nescio
2178 3533 2236 3565 an
2280 3521 2348 3565 ita
2388 3520 2561 3579 optime

212 3606 355 3652 trium
391 3605 450 3653 de
475 3605 662 3655 dicendi
697 3621 873 3670 genere
907 3608 1197 3671 Thucydidis
1231 3611 1445 3659 locorum
1481 3611 1756 3673 conparatio
1790 3611 2074 3671 instituatur,
2111 3614 2161 3657 ut
2197 3623 2303 3658 cum
2328 3611 2559 3670 Dionysio
