2799 3723
1822 0 1848 36 '>›

1800 46 1828 87 „³
1885 43 1888 47 ”

1770 96 1792 135 J

1139 169 1307 193 ,--
1375 113 1440 184 {17
1513 169 1671 175 -—
1746 136 1769 150 ·’

219 278 308 325 nio
344 275 459 323 satis
498 273 619 319 bene
654 269 868 331 procedit
892 272 1256 331 argumentatio,
1291 284 1434 331 quam
1459 273 1607 318 totam
1633 268 1816 317 duobus
1843 268 1935 316 illis
1963 268 2244 316 testimoniis
2267 269 2353 315 niti
2379 267 2595 329 adparet,

225 357 274 412 et
307 378 452 425 opere
489 360 780 419 Thucydidis
817 367 865 406 et
898 361 1132 421 sepulcro.

431 454 688 510 Aliquanto
743 451 978 495 difficilior
1031 458 1102 496 est
1153 452 1305 497 altera
1358 452 1572 509 quaestio
1626 450 1685 494 de
1738 456 1890 493 morte
1936 447 2228 505 Thucydidis
2273 462 2370 491 nou
2412 454 2594 492 tantum

224 549 421 604 propter
457 546 777 600 repugnantes
813 546 1027 586 veterum
1071 542 1320 601 opiniones
1363 542 1592 598 quantum
1635 546 1829 597 propter
1864 538 2132 583 Marcellini
2181 538 2329 582 verba
2364 551 2460 582 non
2499 552 2592 583 uno

223 635 331 679 loco
369 635 593 691 corrupta
626 630 737 675 inde
775 644 818 675 a.
859 644 899 675 c.
939 630 1018 676 30.
1091 630 1295 690 Quidam
1332 630 1488 687 igitur,
1526 641 1727 688 quorum
1763 630 1968 688 primum
2004 628 2160 672 locum
2187 627 2388 672 obtinuit
2411 633 2595 672 senten-

226 723 308 780 tia,
345 720 410 765 ibi
445 724 648 765 moi-tem
685 720 841 765 obisse
877 719 1110 781 dixerunt,
1145 722 1226 766 ubi
1263 721 1369 767 exul
1407 722 1623 765 versatus
1660 722 1805 777 esset,
1843 717 1923 762 alii
1957 721 2197 762 mortuum
2235 715 2426 777 quidem
2463 722 2595 762 extra

223 812 341 856 fines
379 810 562 854 Atticae
599 813 647 853 at
681 810 917 869 sepultum
952 811 999 855 in
1035 812 1214 870 patria,
1248 811 1485 869 Didymus
1522 807 1725 867 denique
1757 811 1803 852 et
1837 811 2075 852 mortuum
2112 806 2240 852 domi
2277 814 2324 861 et
2356 807 2594 867 sepultum

221 900 402 957 statuit,
441 911 644 957 quarum
682 900 959 957 opinionum
994 902 1147 959 prima
1185 904 1339 946 exstat
1373 897 1500 958 apud
1524 894 1616 942 Ma
1653 896 1718 942 30
1755 901 1800 941 et
1825 894 1907 941 Mc
1945 898 2024 953 55,
2061 896 2213 941 altera
2250 877 2375 955 apud
2403 894 2492 942 Ma
2529 897 2592 943 32

221 997 269 1033 et
303 985 388 1032 Mc
424 988 487 1033 55
525 993 571 1032 et
607 1001 900 1045 anonymum
937 1002 977 1033 c.
1016 989 1046 1033 8
1084 995 1129 1034 et
1163 989 1473 1034 Plutarchum
1509 989 1557 1031 in
1596 985 1714 1032 Cim.
1752 986 1800 1041 4,
1837 987 1975 1030 tertia
2011 986 2214 1044 denique
2252 985 2377 1044 apud
2404 983 2493 1030 Ma
2529 985 2591 1031 32

222 1081 270 1122 et
305 1090 447 1121 anon.
486 1090 525 1120 c.
566 1076 611 1120 8.
930 1060 937 1072 “

425 1167 579 1226 Atque
623 1167 827 1226 primum
873 1168 949 1212 vel
996 1169 1097 1226 ipso
1144 1168 1235 1212 hoc
1279 1165 1490 1221 dissensu
1542 1167 1694 1211 elucet
1743 1171 1870 1209 certa
1916 1165 2022 1209 illos
2073 1165 2304 1209 memoria
2348 1164 2591 1211 destitutos

225 1254 393 1313 fuisse,
437 1269 594 1315 neque
634 1256 757 1300 unde
800 1257 1047 1315 opiniones
1093 1261 1224 1301 ortae
1269 1258 1377 1315 sint,
1421 1258 1468 1300 in
1513 1255 1715 1299 obscuro
1763 1260 1846 1298 est.
1920 1254 2264 1314 cenotaphium
2308 1255 2433 1299 enim
2475 1253 2590 1298 illud

220 1344 515 1403 Thucydidis
552 1346 600 1389 in
638 1347 955 1391 monumentis
993 1345 1219 1391 Cimoniis
1255 1360 1351 1390 non
1388 1359 1554 1389 verum
1591 1344 1690 1387 eius
1727 1343 1994 1400 sepulcrum
2034 1357 2154 1400 esse,
2191 1342 2473 1388 documento
2510 1343 2591 1387 ha-

218 1433 424 1477 buerunt
461 1433 588 1491 quod
623 1435 673 1478 in
708 1435 814 1493 ipsa
839 1435 1091 1479 columella
1115 1435 1366 1493 sepulcrali
1404 1434 1503 1476 sive
1540 1434 1714 1490 pictum
1748 1433 1835 1475 fuit
1871 1433 1969 1475 sive
2003 1432 2237 1490 sculptum
2271 1445 2354 1476 seu
2386 1432 2590 1490 denique

219 1524 572 1582 suprapositum
621 1519 784 1580 ἴκριον,
831 1525 1040 1569 incertae
1077 1524 1192 1569 illud
1238 1522 1662 1581 interpretationis,
1710 1519 1759 1566 οἱ
1793 1520 1880 1579 μὲν
1927 1518 2008 1566 οὖν
2056 1519 2160 1565 ἐκεῖ
2199 1518 2408 1580 λέγουσιν
2454 1517 2589 1565 αὐτὸν

218 1610 471 1657 ἀποθανεῖν
508 1607 621 1657 ἔνθα
656 1609 732 1656 καὶ
764 1610 968 1674 διέτριβε
1004 1610 1155 1672 φυγὰς·
1188 1608 1269 1668 ὥν,
1304 1608 1379 1655 καὶ
1413 1608 1613 1671 φέρουσι
1641 1609 1897 1669 μαρτύριον
1933 1612 2014 1655 τοῦ
2045 1608 2111 1671 μὴ
2143 1610 2322 1654 κεῖσθαι
2363 1607 2414 1654 τὸ
2451 1611 2585 1667 σῶμα

217 1698 296 1746 ἐπὶ
328 1704 411 1764 τῆς
439 1696 646 1763 Ἀττικῆς·
682 1698 826 1761 ’ἁριον
859 1700 949 1763 γὰρ
985 1699 1062 1746 ἐπὶ
1093 1702 1176 1747 τοῦ
1211 1699 1363 1762 τάφου
1399 1701 1600 1757 κεῖσθαι,
1642 1701 1724 1745 τοῦ
1769 1700 2044 1762 κενοταφίου
2081 1699 2136 1745 δὲ
2173 1701 2308 1745 τοῦτο
2353 1698 2586 1760 γνώρισμα

217 1787 332 1836 εἶναι
367 1788 617 1852 ἐπιχώριον
652 1789 728 1836 καὶ
760 1790 945 1851 νόμιμον
976 1787 1160 1836 Ἀττικὸν
1195 1792 1285 1835 τῶν
1322 1788 1397 1835 ἐπὶ
1429 1789 1613 1852 τοιαύτῃ
1650 1789 1871 1853 δυστυχίᾳ
1905 1788 2298 1852 τετελευτηκότων
2335 1786 2410 1834 καὶ
2433 1787 2498 1850 μὴ
2536 1786 2585 1833 ἐν

218 1881 391 1940 Ἀττικῇ
425 1879 674 1940 ταφέντων.
746 1882 956 1939 Quorum
982 1883 1237 1926 verborum
1261 1881 1538 1926 recordatus
1565 1887 1635 1925 est
1658 1882 2000 1926 Friedlaender
2037 1896 2140 1925 cum
2180 1883 2226 1924 in
2264 1881 2489 1938 opusculo
2529 1879 2586 1923 de

218 1971 504 2030 anaglyphis
554 1972 899 2030 sepulcralibus
943 1973 1126 2029 graecis
1169 1985 1213 2029 p.
1254 1971 1317 2017 26
1361 1972 1592 2018 nonnulla
1634 1973 1733 2016 eius
1781 1973 1966 2029 generis
2011 1970 2285 2028 anaglypha
2330 1969 2587 2026 conligeret

217 2072 340 2117 quae
374 2062 553 2117 navigii
586 2073 760 2118 prorae
799 2059 1093 2105 adsidentem
1125 2061 1328 2117 lugentis
1354 2062 1519 2106 habitu
1553 2062 1772 2111 iuvenem
1811 2067 1891 2104 aut
1918 2062 2068 2104 virum
2094 2060 2331 2115 exhibent,
2369 2071 2584 2115 quaeque

215 2149 562 2206 naufragorum
617 2148 911 2207 cenotaphiis
954 2149 1031 2193 ille
1082 2148 1287 2207 inposita
1330 2149 1475 2194 fuisse
1521 2150 1826 2206 existimavit,
1886 2148 1998 2192 nihil
2047 2155 2202 2192 tamen
2250 2147 2308 2192 de
2352 2150 2454 2206 ipso
2502 2145 2583 2191 illo

216 2237 423 2295 sepulcri
461 2236 757 2293 Thucydidei
801 2237 973 2295 insigni
1011 2236 1186 2281 dicens.
1256 2236 1311 2281 Id
1345 2243 1473 2281 recte
1509 2239 1694 2282 monuit
1731 2241 1785 2282 A.
1824 2237 2068 2281 Michaelis
2105 2239 2151 2280 in
2191 2236 2341 2280 diario
2391 2236 2584 2279 archae-

217 2327 470 2384 ologorum
506 2327 803 2370 Berolinensi
840 2342 868 2370 a
906 2326 1034 2371 1872
1073 2342 1118 2385 p.
1158 2327 1255 2371 145
1301 2326 1410 2371 adn.
1448 2327 1531 2385 40,
1570 2328 1648 2371 ubi
1685 2327 1811 2386 quod
1856 2332 2107 2370 nautarum
2151 2328 2197 2368 in
2245 2328 2347 2384 ipsa
2388 2326 2582 2381 naviga-

220 2419 347 2461 tione
387 2416 714 2462 defuuctorum
751 2418 995 2476 proprium
1032 2419 1196 2463 fuisset
1218 2420 1417 2477 insigne,
1455 2418 1516 2463 ad
1553 2419 1712 2464 exules
1750 2431 1936 2477 quoque
1973 2418 2175 2461 transire
2212 2418 2419 2475 potuisse
2460 2416 2580 2459 bene

220 2507 408 2565 conicit,
445 2505 528 2551 sed
565 2505 677 2565 quid
712 2507 1010 2565 potissimum
1045 2502 1189 2566 ἴκριον
1224 2509 1365 2554 fuerit
1399 2520 1508 2553 cum
1543 2508 1775 2553 incertum
1811 2519 1913 2552 esse
1951 2504 2201 2564 concedat,
2239 2511 2395 2549 utrum
2433 2503 2479 2548 id
2521 2503 2578 2548 ad

221 2597 412 2641 illorum
458 2597 841 2655 anaglyphorum
879 2597 1150 2656 analogiam
1186 2597 1517 2657 explicandum
1553 2599 1634 2656 sit,
1677 2599 1724 2641 in
1761 2596 1916 2641 medio
1960 2595 2195 2654 relinquit.
2267 2594 2395 2640 Nihil
2439 2594 2582 2652 igitur

215 2685 326 2729 inde
372 2686 644 2744 proficimus
687 2687 778 2729 nisi
821 2685 946 2744 quod
998 2686 1166 2731 eodem
1211 2690 1311 2733 fere
1354 2688 1495 2733 modo
1539 2684 1683 2745 ἴκριον
1727 2685 1841 2729 illud
1885 2686 2112 2743 antiquis,
2166 2698 2258 2743 quo
2305 2684 2582 2742 anaglypha

216 2788 339 2835 quae
383 2774 479 2819 dixi
536 2775 879 2820 recentioribus
932 2774 1081 2820 doctis
1127 2790 1222 2820 non
1265 2778 1377 2822 satis
1423 2781 1552 2822 certo
1601 2776 1881 2820 calamitatis
1927 2773 2168 2819 cuiusdam
2219 2772 2393 2818 indicio
2436 2774 2581 2818 fuisse

213 2864 417 2910 videtur.

420 2955 600 2999 Verum
642 2968 739 3001 non
788 2957 1006 3002 omnibus
1050 2958 1228 3017 placuit
1267 2957 1350 3002 illa
1392 2955 1737 3016 interpretandi
1780 2956 1922 3011 ratio,
1977 2966 2071 3012 qua
2113 2952 2441 3011 Thucydidem
2484 2965 2580 2997 non

214 3043 416 3088 Athenis
453 3046 689 3104 sepultum
727 3060 830 3091 esse
869 3047 1271 3104 demonstrarent,
1317 3046 1548 3105 siquidem
1594 3048 1674 3091 alii
1717 3059 1887 3090 revera
1923 3043 2112 3088 condita
2148 3056 2252 3087 esse
2288 3042 2580 3100 Thucydidis

213 3145 324 3176 ossa
359 3134 407 3176 in
447 3135 667 3193 sepulcro
703 3137 785 3180 illo
818 3142 1061 3196 putarunt,
1099 3139 1222 3182 clam
1252 3142 1509 3197 reportata,
1543 3142 1657 3182 moti
1687 3136 1754 3180 illi
1791 3142 1841 3178 ut
1876 3134 2059 3178 videtur
2094 3134 2425 3192 inscriptione,
2461 3133 2580 3176 nihil

211 3224 338 3267 enim
383 3237 464 3269 eos
509 3224 567 3270 de
611 3227 831 3271 extremis
877 3228 977 3272 eius
1020 3229 1128 3272 fatis
1176 3232 1451 3287 conpertum
1503 3227 1727 3272 habuisse
1780 3225 1856 3270 vel
1903 3223 2013 3269 inde
2061 3223 2387 3282 manifestum,
2435 3223 2581 3283 quod,

217 3315 337 3358 sicut
372 3314 439 3359 illi
484 3330 673 3376 quoque
714 3318 921 3377 prioreS,
962 3332 1023 3362 ne
1066 3332 1123 3362 ex
1164 3319 1311 3378 ipsius
1355 3316 1545 3377 quidem
1584 3314 1873 3375 Thucydidis
1919 3314 2078 3359 verbis
2116 3316 2162 3371 5,
2201 3312 2264 3358 26
2300 3309 2375 3356 καὶ
2409 3310 2578 3375 ξυνέβη

203 3417 288 3463 μοι
323 3402 511 3465 φεύγειν
545 3403 625 3467 τὴν
661 3403 860 3466 ἐμαυτοῦ
896 3402 977 3469 ἔτη
1014 3403 1160 3453 εἴκοσι
1193 3422 1289 3453 non
1326 3405 1387 3452 ad
1420 3411 1620 3453 mortem
1660 3418 1807 3465 usque
1844 3403 2033 3448 exilium
2068 3402 2265 3448 durasse
2298 3402 2578 3447 didicerant.

415 3494 599 3541 Eadem
634 3497 833 3554 Didymi
873 3498 1165 3555 ignorantia,
1206 3499 1286 3556 qui
1329 3496 1507 3542 redisse
1555 3494 1744 3554 quidem
1780 3496 1828 3539 in
1865 3495 2069 3552 patriam
2105 3491 2433 3551 Thucydidem
2470 3504 2580 3537 con·

208 3582 377 3641 tendit,
425 3584 507 3628 sed
550 3585 658 3630 vide
701 3588 765 3631 sis
811 3587 980 3645 quibus
1024 3587 1072 3631 id
1115 3588 1404 3645 argumentis
1449 3584 1655 3644 probare
1707 3585 1908 3629 studeat.
1981 3582 2250 3629 Secundam
2303 3596 2445 3640 quam
2482 3580 2579 3624 dixi

842 3675 849 3678 ⁴
2217 3670 2238 3702 3
