2799 3723
1217 0 1436 49 ⁷'''·'}'⁸?7'[’'-J”''*

1149 71 1308 143 *—
1377 104 1442 152 16
1511 137 1670 159 -ψ

428 232 513 281 His
547 234 781 283 universis
816 235 958 285 fldem
992 235 1317 298 abrogandam
1353 248 1469 286 esse·
1503 246 1553 287 ut
1586 238 1958 301 demonstretur,
1993 242 2319 302 quaerendum
2355 250 2584 313 primum,

224 320 338 382 quid
373 335 538 370 eorum
572 324 640 370 ita
674 331 984 386 conparatum
1021 330 1106 389 sit,
1151 337 1201 376 ut
1236 331 1336 376 eius
1381 331 1674 390 potissimum
1718 333 1950 378 memoria
1985 331 2046 378 ad
2072 324 2296 393 'posteros
2331 343 2584 397 pervenire

222 413 440 470 potuerit.
512 412 652 472 Quod
687 413 748 462 ad
784 420 1115 476 cognationem
1152 421 1377 466 Miltiadis
1412 426 1459 467 et
1493 422 1553 467 ad
1589 427 1790 469 mortem
1828 425 2070 485 scriptoris
2103 427 2310 471 maxime
2344 431 2583 488 pertinere

222 506 544 564 unusquisque
580 506 722 553 videt.
791 508 967 568 Ecquis
1003 511 1150 570 enim,
1207 513 1339 558 cuius
1379 525 1440 558 ne
1488 512 1547 558 de
1587 517 1740 559 morte
1781 513 1972 574 quidem
2009 513 2268 576 quidquam
2303 521 2581 578 conpertum

221 593 490 655 habuerint,
527 595 586 642 de
623 598 724 643 eius
759 598 959 646 infantia
991 602 1270 662 reliquaque
1311 604 1408 649 vita
1452 603 1613 664 qualia
1653 602 1797 650 modo
1851 606 2178 653 enarravimus
2217 607 2450 654 memoria
2485 621 2581 656 ser-

219 686 332 729 vata
367 697 472 732 esse
507 685 598 732 sibi
632 687 968 747 persuadebit?

423 773 768 836 cognationem
801 781 943 840 igitur
979 781 1202 828 Miltiadis
1237 789 1343 842 post
1378 784 1700 843 Polemonem,
1736 790 1786 829 ut
1825 785 2026 845 videtur,
2061 785 2317 845 Didymus,
2355 800 2461 834 cum
2497 789 2580 834 Di·

219 863 365 922 dymo
400 865 707 915 Marcellinus
741 869 890 916 tribus
915 873 1203 930 argumentis
1229 874 1431 932 probare
1465 873 1658 919 studuit:
1694 876 1848 934 primo
1886 875 2012 935 quod
2036 876 2327 936 Thucydidis
2351 877 2579 938 Olorique

218 955 440 1013 sepulcra
475 958 524 1002 in
558 961 877 1005 monumentis
903 959 1130 1007 Cimoniis
1168 963 1430 1015 exstabant,
1466 963 1674 1009 secundo
1699 962 1825 1024 quod
1861 963 2085 1010 Miltiadis
2109 979 2277 1012 socero
2301 967 2428 1013 idem
2452 967 2579 1028 quod

215 1048 340 1108 patri
375 1044 668 1106 Thucydidis
701 1064 875 1096 nomen
912 1053 999 1096 fuit
1035 1050 1204 1110 Oloro,
1251 1053 1385 1097 tertio
1421 1054 1546 1113 quod
1583 1055 1631 1099 in
1667 1053 1896 1112 Thracia,
1938 1053 2019 1099 ubi
2055 1055 2279 1101 Miltiadis
2320 1058 2400 1103 ille
2442 1072 2581 1105 socer

214 1155 415 1201 regnum
468 1142 760 1201 obtinuerat,
813 1141 1116 1200 Thucydides
1170 1157 1356 1203 quoque
1408 1158 1692 1204 magnarum
1738 1146 1827 1191 fuit
1870 1146 2224 1204 possessionum
2276 1162 2576 1209 magnaeque

215 1234 521 1278 auctoritatis.
595 1232 734 1292 Apud
771 1233 1097 1279 Marcellinum
1133 1232 1323 1292 quidem
1359 1235 1548 1280 inverso
1584 1249 1711 1280 nunc
1746 1235 1914 1281 ordine
1949 1235 2068 1281 haec
2103 1242 2383 1295 argumenta
2417 1239 2573 1298 profe-

212 1327 404 1380 runtur,
449 1322 532 1371 sed
578 1325 664 1368 etsi
706 1338 802 1369 non
848 1324 1050 1381 optim0,
1098 1336 1251 1381 neque
1287 1329 1443 1368 tamen
1491 1325 1620 1369 nullo
1662 1324 1945 1382 procedunt,
1988 1330 2039 1370 ut
2080 1327 2424 1386 transponendi
2469 1341 2578 1373 cum

212 1413 277 1460 Μ.
312 1412 573 1460 Schmidtio
608 1415 656 1458 in
693 1412 891 1471 Didymi
924 1413 1203 1472 fragmentis
1240 1424 1286 1472 p.
1313 1412 1409 1457 323
1448 1418 1494 1457 et
1530 1412 1627 1458 325
1663 1426 1762 1473 seq.
1806 1415 1866 1458 sit
1907 1413 2038 1459 nulla
2073 1428 2266 1474 prorsus
2300 1418 2575 1463 necessitas.

211 1504 379 1564 Neque
422 1505 570 1555 enim„
592 1504 672 1549 ille
721 1502 886 1548 deesse
931 1516 1024 1562 quo
1068 1504 1301 1549 referatur
1337 1501 1429 1563 γάρ
1472 1505 1703 1564 particula
1742 1506 1791 1550 in
1834 1507 1967 1551 initio
2012 1520 2051 1551 c.
2096 1505 2160 1551 17
2204 1507 2379 1565 posita,
2422 1519 2577 1565 neque

212 1609 252 1639 c.
290 1595 357 1640 14
392 1595 450 1640 de
486 1594 632 1642 Oloro
670 1600 806 1655 patre
841 1595 995 1654 potius
1031 1609 1172 1654 quam
1200 1594 1477 1653 Thucydide
1504 1595 1598 1639 filio
1623 1596 1992 1655 intellegendum
2017 1610 2121 1641 esse
2156 1604 2282 1642 recte
2320 1598 2576 1658 contendit,

210 1687 486 1747 Doxopater
522 1687 632 1731 licet
667 1687 697 1731 l.
734 1687 765 1730 1.
802 1701 848 1745 p.
886 1685 987 1731 424
1022 1684 1080 1730 de
1117 1684 1248 1732 Olori
1287 1685 1458 1730 divitiis
1494 1686 1727 1746 loquatur.
1800 1686 1888 1732 Hic
1924 1687 2050 1732 enim
2086 1690 2136 1732 ut
2168 1692 2350 1747 patrem
2387 1702 2575 1749 quoque

122 1768 125 1771 ¹
210 1775 502 1836 Thucydidis
537 1775 859 1836 praedicaret,
896 1774 1082 1821 divitias
1122 1790 1150 1821 a
1184 1780 1319 1836 patre
1356 1777 1517 1821 statuit
1549 1776 1875 1836 Thucydidem
1920 1778 2186 1837 accepisse,
2229 1783 2274 1824 et
2315 1780 2466 1839 potuit
2509 1779 2578 1825 ita

209 1871 438 1924 statuere,
482 1866 715 1926 siquidem
757 1870 941 1924 patrem
978 1865 1268 1924 Thucydidis
1309 1865 1529 1910 Miltiadis
1576 1866 1721 1911 filium
1757 1868 1940 1926 putavit
1975 1880 2032 1912 ex
2066 1867 2357 1927 Hegesipyla
2391 1872 2573 1913 natum.

209 1957 489 2002 Marcellino
528 1962 711 2015 autem,
757 1958 836 2016 qui
873 1970 965 2002 non
1004 1954 1136 2003 Olori
1175 1955 1258 2001 sed
1293 1955 1583 2015 Thucydidis
1620 1969 1768 2014 genus
1805 1955 1866 2001 ad
1901 1956 2161 2003 Miltiadem
2204 1958 2382 2002 referre
2419 1957 2575 2004 studet

211 2061 249 2091 c.
289 2047 369 2105 14,
406 2061 500 2091 non
539 2047 598 2091 de
634 2051 768 2105 patre
804 2047 886 2091 sed
925 2046 983 2090 de
1010 2046 1104 2089 lilio
1139 2045 1424 2105 loquendum
1460 2051 1585 2104 erat,
1620 2060 1775 2105 neque
1811 2044 1968 2102 Olori,
2005 2045 2064 2091 de
2100 2047 2267 2105 quibus
2300 2048 2571 2091 coniectura

209 2141 391 2180 tantum
429 2137 689 2191 constabat,
727 2136 808 2180 sed
846 2137 993 2195 ipsius
1019 2136 1308 2194 Thucydidis
1335 2135 1506 2180 divitiis
1543 2141 1820 2193 argumento
1854 2141 1918 2179 uti
1942 2138 2107 2195 potuit,
2143 2138 2263 2181 sicut
2288 2137 2573 2181 Plutarchus

208 2228 256 2271 in
295 2229 391 2270 vita
428 2226 546 2271 Cim.
584 2230 632 2285 4,
670 2240 809 2286 quem
848 2227 1004 2270 locum
1041 2240 1184 2284 supra
1220 2226 1317 2268 iam
1353 2239 1458 2268 cum
1488 2225 1762 2270 Marcellino
1800 2228 2181 2285 conparavimus.
2224 2250 2280 2257 -
2319 2227 2570 2285 Interposi-

208 2318 266 2362 tis
303 2315 474 2362 deinde
511 2316 808 2377 quorundam
847 2316 1164 2375 opinionibus,
1201 2329 1399 2377 quorum
1438 2316 1517 2361 alii
1554 2327 1610 2359 ex
1647 2315 1741 2361 filio
1769 2320 1991 2377 nepotem
2017 2315 2201 2373 (οἱδοῦς
2234 2318 2359 2362 enim
2396 2318 2570 2362 rectius

208 2408 502 2467 suppleveris
540 2421 682 2467 quam
721 2407 847 2467 quod
873 2404 1183 2454 casaubonus
1220 2407 1366 2452 voluit
1401 2403 1706 2467 ἀδελφιδοῦς)
1743 2407 1823 2452 alii
1849 2421 1906 2453 ex
1930 2407 2027 2452 filia
2050 2413 2285 2468 putarent,
2323 2407 2383 2453 ad
2418 2410 2571 2468 ipsam

209 2500 535 2559 quaestionem
589 2497 930 2544 absolvendam
972 2499 1224 2543 revertitur
1277 2504 1323 2543 et
1374 2512 1542 2543 revera
1578 2497 1724 2546 Oloro
1770 2512 1865 2544 non
1909 2497 2055 2546 Orolo
2110 2500 2233 2558 patri
2280 2497 2572 2558 Thucydidis

206 2603 380 2635 nomen
417 2591 562 2635 fuisse
600 2590 752 2647 docet,
789 2602 850 2633 ne
887 2590 1088 2633 alterum
1126 2594 1454 2648 argumentum
1492 2590 1551 2633 ab
1589 2590 1679 2633 hoc
1704 2591 1897 2634 nomine
1933 2590 2162 2648 pendens,
2198 2589 2323 2649 quod
2362 2591 2449 2635 sub
2485 2591 2569 2634 ini·

207 2681 323 2724 tium
368 2681 525 2724 statim
570 2693 608 2724 c.
650 2678 676 2724 2
715 2678 952 2738 prolatum
990 2683 1107 2736 erat,
1144 2684 1348 2723 corruat.
1420 2678 1529 2737 Ipsa
1575 2682 1732 2723 autem
1778 2679 1926 2724 verba
1963 2678 2182 2726 Grauerti
2225 2679 2327 2723 fere
2363 2678 2572 2737 vestigiis

205 2770 427 2815 insistens
462 2771 640 2815 inserto
677 2775 858 2815 tantum
893 2766 979 2814 οὐκ
1015 2777 1123 2814 ante
1149 2762 1338 2827 Ὀρολος·
1372 2774 1417 2812 et
1451 2773 1616 2827 postea
1657 2768 1729 2814 bis
1765 2766 1791 2812 λ
1827 2774 1871 2814 et
1902 2783 1936 2827 ,ο
1972 2768 2137 2816 litteris
2171 2768 2469 2829 transpositis
2506 2768 2574 2812 ita

204 2860 429 2906 facillime
474 2859 764 2905 restituenda
811 2859 1054 2918 videntur,
1093 2857 1159 2920 μὴ
1197 2857 1435 2918 ἀγνοῶμεν
1479 2856 1535 2902 δὲ
1570 2859 1705 2903 τοῦτο
1742 2856 1810 2903 ὅτι
1851 2857 1939 2904 οὐκ
1963 2854 2161 2919 Ὀρολος
2198 2859 2225 2905 ὁ
2262 2857 2410 2920 πατὴρ
2446 2856 2573 2917 αὐτῷ

204 2949 301 2997 ἐστι
344 2987 354 2996 .
383 2987 393 2997 .
421 2987 471 2997 ..
517 2948 585 2996 ὅτι
624 2948 716 3012 γὰρ
745 2945 942 3010 Ὀλορός
989 2948 1083 2995 ἐστι
1128 2952 1216 2996 cet.
1292 2948 1578 2997 Schmidtius
1623 2950 1748 2995 enim
1795 2949 1922 3010 quod
1967 2952 2166 2997 coniecit
2210 2947 2276 2995 ὅτι
2304 2943 2502 3008 Ὄρολος
2543 2946 2571 2993 ὁ

205 3040 354 3104 πατὴρ
399 3040 526 3102 αὐτῷ
568 3037 792 3105 ἔψευσται
832 3042 908 3088 vel
951 3039 1240 3102 ἐσχεόίασται
1284 3055 1388 3087 cum
1434 3054 1520 3100 per
1564 3054 1613 3086 se
1657 3055 1826 3101 parum
1862 3041 2111 3102 probabile
2146 3046 2245 3086 tum
2282 3044 2475 3101 propter
2513 3052 2570 3084 ea

205 3144 328 3191 quae
364 3136 625 3192 sequuntur
657 3130 770 3193 αὕτη
805 3129 894 3191 γὰρ
930 3129 1184 3193 ἡμάρτηται
1206 3132 1528 3190 intolerabile,
1564 3130 1693 3176 aliud
1719 3133 1844 3178 enim
1881 3133 1953 3178 est
1987 3130 2172 3195 ψεῦδος
2203 3131 2279 3177 vel
2315 3127 2571 3193 σχεὸίασμα

205 3221 334 3267 aliud
375 3221 635 3284 ἁμάρτημα.
707 3224 923 3269 Nominis
968 3220 1139 3268 deinde
1181 3223 1336 3267 forma
1371 3223 1603 3268 stabilitur
1647 3201 1953 3281 inscriptione
1999 3222 2279 3268 columellae
2315 3221 2570 3280 sepulcrali

203 3314 370 3358 incisa.
442 3314 643 3359 Exstare
670 3314 796 3358 enim
821 3314 887 3358 ait
909 3314 957 3358 in
982 3315 1298 3358 monumentis
1326 3313 1551 3359 Cimoniis
1588 3312 1736 3372 Olori,
1775 3328 1804 3358 a
1839 3314 2048 3373 Sauppio
2085 3313 2198 3358 olim
2234 3313 2448 3370 restituti,
2487 3313 2563 3356 cui

205 3417 262 3449 ex
296 3402 360 3465 ἡρ
395 3403 613 3449 litterulis
656 3404 953 3449 artificiosius
992 3403 1255 3449 confectum
1291 3399 1423 3464 ἠρίον
1461 3402 1637 3448 addere
1673 3403 1850 3463 placuit
1885 3401 2161 3460 Schmidtio,
2197 3407 2242 3447 et
2277 3400 2569 3461 Thucydidis

203 3494 489 3555 sepulcrum,
528 3508 621 3555 quo
659 3508 830 3541 revera
866 3493 1090 3541 Miltiadis
1128 3499 1356 3555 cognatus
1381 3500 1622 3553 arguatur.
1694 3495 1765 3540 Ita
1799 3509 1886 3555 pro
1913 3494 2178 3540 Marcellini
2215 3492 2405 3554 quidem
2440 3494 2568 3552 inge-
