2799 3723
1124 68 1645 114 ..—..10-—....

202 215 264 250 oa
296 203 396 250 iam
429 216 527 250 non
562 216 651 264 pro
672 202 811 250 factis
846 200 930 250 sed
964 216 1054 264 pro
1089 203 1371 249 coniecturis
1405 199 1629 249 habenda
1664 213 1768 250 esse
1803 212 1945 247 nemo
1979 212 2076 248 non
2113 198 2253 247 videt.
2311 201 2470 263 Atque
2504 202 2565 251 de

203 291 397 340 Cleonis
421 292 602 340 invidia
625 307 821 355 prorsus
856 293 1098 340 contraria
1119 291 1264 339 tradit
1283 288 1375 338 Ma
1390 292 1465 339 26
1500 287 1681 353 ἔγραφε
1713 289 1772 336 δὲ
1806 287 1918 337 οὐδ’
1951 287 2108 345 οὕτως
2132 295 2427 354 μνησικακῶν
2467 296 2568 353 τοῖς

198 377 466 445 Ἀθηναίοις,
512 379 630 428 ἀλλὰ
671 380 928 444 φιλαλήθης
965 379 1032 428 ὢν
1073 378 1151 427 καὶ
1180 379 1237 428 τὰ
1269 379 1364 444 ἤθη
1400 380 1594 442 μέτριος
1625 376 1755 441 εἴγε
1789 377 1901 427 οὔτε
1942 376 2106 427 Κλέων
2145 380 2255 441 παρ’
2284 379 2412 444 αὐτῷ
2451 381 2565 432 οὔτε

205 469 442 534 Βρασίδας
472 471 502 519 ὁ
535 474 620 535 τῆς
650 473 900 533 συμφορᾶς
931 467 1073 527 abeo<-
1105 469 1344 518 ἀπέλαυσε
1378 467 1615 531 λοιδορίας
1657 469 1833 516 diversi
1869 471 2074 517 auctoris
2108 470 2238 518 hand
2274 470 2436 531 dubie,
2479 473 2565 520 sed

205 577 328 623 quae
363 564 547 622 possint
587 566 747 608 tamen
786 575 844 606 ex
878 559 1047 607 eodem
1082 562 1213 608 fonte
1250 562 1422 608 hausta
1456 574 1576 607 esse.
1647 560 1755 607 Non
1792 559 1918 620 quod
1953 561 2239 620 Dionysium
2281 575 2469 623 quoque
2504 563 2564 611 de

204 653 373 700 eadem
408 666 462 698 re
486 666 581 698 non
619 651 767 696 multo
798 653 955 696 minus
978 652 1135 711 ipsum
1161 652 1250 697 sibi
1274 651 1610 710 obloquentem
1646 651 1959 709 inveniamus,
1995 664 2103 696 cum
2126 651 2176 696 in
2207 665 2282 712 ep.
2308 649 2370 697 ad
2393 651 2562 714 Pomp.

202 758 250 804 p.
289 742 317 790 7
323 742 388 789 74
431 741 674 802 scripserit
711 739 743 802 ἡ
779 738 837 785 δὲ
876 738 1168 785 Θουκυδίδου
1209 739 1421 792 διάθεσις
1451 737 1742 792 αὐθέκαστός
1780 753 1852 795 τις,
1883 737 1960 785 καὶ
1998 737 2139 798 πικρὰ
2177 737 2255 785 καὶ
2291 740 2347 801 τῇ
2382 740 2562 801 πατρίδι

201 835 285 896 τῆς·
318 832 472 894 φυγῆς
506 831 858 892 μνησικακοῦσα
902 837 949 876 et
988 830 1203 876 similiter
1242 831 1292 875 in
1335 828 1431 874 iud.
1478 828 1538 874 de
1574 828 1722 875 Thuc.
1767 844 1813 890 p.
1860 830 1973 888 920,
2018 834 2067 875 at
2109 831 2158 875 in
2202 830 2370 876 eodem
2412 835 2565 891 poste·

201 925 328 970 riore
363 922 486 969 libro
522 937 567 983 p.
595 919 697 969 824
731 920 852 968 adeo
886 921 1021 967 illum
1056 922 1266 968 veritatis
1303 920 1574 979 diligentem
1609 920 1754 966 fuisse
1791 920 2023 980 adfirmet,
2059 924 2110 966 ut
2136 933 2292 982 neque
2328 918 2565 967 addiderit

204 1011 467 1072 quidquam
502 1026 658 1072 neque
695 1011 965 1070 dempserit.
1036 1011 1226 1071 Verum·
1253 1008 1311 1055 de
1346 1010 1544 1056 veritate
1579 1023 1766 1070 quoque
1802 1008 2117 1069 Thucydidis,
2162 1016 2211 1056 ut
2244 1011 2416 1057 nostris
2451 1013 2566 1055 tem-

201 1102 398 1162 poribus
434 1100 559 1146 docti
596 1099 876 1145 dissentiunt
919 1099 1001 1157 (cf.
1038 1098 1347 1156 Tuellmann‚
1389 1100 1580 1158 Beitrag
1621 1113 1706 1145 zur
1741 1097 2042 1158 Wurdigung
2076 1098 2257 1145 Kleons
2302 1098 2385 1145 des
2421 1099 2565 1146 Athe-

202 1194 418 1237 niensers
461 1192 509 1235 in
554 1189 806 1234 annalibus
848 1190 1085 1248 gymnasii
1121 1189 1398 1234 Ploenensis
1445 1205 1485 1233 a.
1526 1188 1656 1233 1867
1704 1204 1748 1248 p.
1790 1188 1816 1233 7
1863 1192 2016 1248 seqq.)
2069 1189 2137 1233 ita
2178 1189 2291 1234 olim
2335 1193 2564 1234 certatum

203 1295 308 1327 esse
345 1279 558 1339 adparet,
595 1284 641 1324 et
676 1278 896 1324 videntur
932 1279 1075 1323 etiam
1111 1293 1233 1338 quae
1271 1294 1310 1324 c.
1350 1279 1413 1323 18
1450 1282 1497 1322 et
1534 1278 1594 1323 22
1642 1278 1700 1322 de
1735 1278 1915 1324 invidia
1957 1280 2006 1323 in
2041 1278 2353 1324 Harmodium
2388 1280 2565 1325 Aristo-

204 1374 507 1431 gitonemque
545 1375 591 1414 et
626 1368 685 1414 de
715 1370 880 1414 favore
917 1383 1034 1428 erga
1064 1370 1404 1429 Antiphontem
1439 1369 1758 1427 proferuntur,
1794 1382 1890 1413 non
1921 1367 1982 1413 ad
2019 1369 2348 1426 cognationem
2384 1372 2564 1414 tantum

203 1461 609 1509 Pisistratidarum
661 1465 707 1506 et
752 1460 1057 1520 Antiphontis
1101 1459 1397 1519 disciplinam
1441 1458 1734 1517 probandam
1784 1458 1866 1503 sed
1911 1458 1971 1502 ad
2013 1458 2145 1504 illum
2190 1473 2378 1520 quoque
2423 1460 2565 1504 finem

202 1553 501 1614 pertinuisse.
574 1550 694 1596 Puto
735 1550 901 1609 igitur,
947 1551 1066 1596 sicut
1109 1549 1167 1596 de
1211 1550 1561 1610 propinquitate
1606 1547 1829 1593 Miltiadis
1873 1554 1918 1592 et
1954 1561 2046 1608 quo
2088 1549 2193 1594 loco
2237 1549 2343 1595 exul
2385 1549 2566 1608 degerit

204 1644 405 1704 aliisque
443 1641 500 1688 de
536 1642 699 1697 rebus,
745 1642 811 1686 ita
847 1640 905 1686 de
941 1642 1140 1686 veritate
1176 1653 1363 1701 quoque
1399 1637 1690 1697 Thucydidis
1730 1652 1824 1683 non
1862 1653 2005 1683 unam
2041 1638 2125 1684 sed
2161 1639 2373 1685 diversas
2410 1640 2566 1685 docto-

204 1750 311 1780 rum
355 1734 603 1792 opiniones
646 1733 746 1777 sive
789 1732 849 1777 ab
895 1730 1088 1789 Antyllo
1134 1731 1233 1775 sive
1276 1745 1304 1774 a
1348 1730 1624 1775 Marcellino
1670 1732 1919 1788 congestas
1959 1729 2125 1789 fuisse,
2179 1745 2380 1791 quarum
2422 1732 2565 1777 aliam

204 1826 326 1871 alius
364 1825 595 1882 arriperet
630 1823 1009 1881 epitomatorum.

407 1957 568 2002 Tertia
604 1968 792 2016 quoque
830 1953 1093 2002 Marcellini
1124 1968 1235 2013 pars
1274 1955 1436 2014 incipit
1473 1969 1501 1999 a
1525 1954 1793 2001 definienda
1831 1957 2071 2016 scriptoris
2109 1960 2287 2015 aetate,
2330 1955 2410 2002 sed
2448 1956 2566 2002 nihil

205 2046 414 2092 adfertur
456 2047 549 2091 nisi
598 2044 809 2091 eiusdem
855 2044 923 2089 rei
968 2043 1258 2089 mentionem
1303 2049 1348 2089 et
1391 2044 1516 2104 apud
1561 2045 1850 2092 Herodotum
1895 2051 1939 2091 et
1975 2045 2100 2107 apud
2136 2045 2463 2105 Thucydidem
2499 2048 2565 2092 in-

204 2139 371 2183 veniri.
444 2137 657 2180 Plurima
692 2140 910 2194 repetunt
950 2135 1049 2178 fere
1086 2139 1268 2191 partem
1306 2148 1491 2193 eorum,
1535 2151 1656 2194 quae
1694 2132 1781 2179 Ma
1819 2136 1880 2181 32
1920 2142 1964 2180 et
2002 2136 2066 2182 16
2103 2151 2200 2196 seq.
2239 2136 2298 2182 de
2333 2141 2484 2183 morte
2522 2142 2567 2182 et

203 2228 422 2288 sepulcro
467 2215 708 2284 scriptoris
753 2224 927 2269 tradita
970 2229 1117 2268 eraut.
1190 2224 1511 2283 Quamobrem
1547 2241 1723 2270 novum
1760 2240 1946 2286 quoque
1985 2226 2378 2286 additamentum,
2421 2228 2567 2273 Hero-

207 2317 306 2364 doti
342 2316 400 2362 de
437 2314 716 2374 Thucydide
752 2328 902 2374 puero
937 2313 1212 2359 vaticinium
1236 2302 1401 2374 paucis
1436 2315 1680 2361 versiculis
1718 2317 1979 2376 continens,
2014 2330 2109 2362 non
2147 2316 2336 2363 aliunde
2371 2319 2565 2378 petitum

205 2407 286 2452 sed
328 2421 357 2451 a
392 2413 545 2465 primo
583 2411 630 2450 et
665 2403 874 2450 secundo
911 2407 1022 2448 item
1059 2403 1324 2449 Marcellini
1361 2404 1669 2463 epitomatore
1707 2407 1933 2451 omissum
1970 2419 2073 2452 esse
2110 2407 2328 2453 arbitror.

408 2542 469 2586 Et
504 2540 595 2585 hoc
630 2541 784 2599 ipsum
824 2543 869 2584 et
905 2539 1097 2585 omnino
1135 2543 1230 2584 tres
1265 2538 1531 2584 Marcellini
1567 2544 1726 2598 partes
1763 2540 1898 2598 quasi
1935 2539 2170 2600 discerpta
2205 2541 2342 2586 unius
2379 2553 2567 2600 corpus·

207 2633 299 2677 culi
331 2632 548 2676 membra
585 2644 689 2675 esse
726 2630 1046 2689 conprobatur
1083 2631 1151 2675 eis
1177 2643 1298 2688 quae
1335 2628 1460 2688 apud
1493 2629 1686 2675 Suidam
1724 2629 1782 2675 de
1808 2629 2086 2689 Thucydide
2121 2631 2353 2690 leguntur.
2401 2631 2566 2691 Neque

204 2724 332 2768 enim
369 2736 427 2767 ex
460 2721 670 2779 Didymo
707 2722 908 2766 fortasse
945 2734 1053 2764 eum
1090 2721 1164 2764 vel
1206 2721 1400 2777 Antyllo
1438 2719 1519 2764 sed
1560 2734 1616 2765 ex
1657 2723 1760 2778 ipso
1796 2720 2099 2780 Marcellino,
2148 2719 2289 2781 quem
2325 2726 2568 2766 auctorem

204 2815 330 2859 vitae
372 2811 714 2869 Thucydideae
763 2810 1010 2869 adgnoscit
1052 2823 1088 2854 s.
1127 2825 1172 2855 v.
1209 2808 1452 2871 ἀπήλαυσε
1495 2814 1541 2854 et
1584 2808 1857 2865 ἀπολαύειν,
1908 2811 2121 2857 hausisse
2172 2821 2375 2872 arguunt
2417 2813 2565 2858 verba

206 2902 349 2956 οὗτος
382 2902 409 2948 ὁ
451 2899 743 2961 θουκυόίδης
776 2898 895 2961 ἀνὴρ
929 2896 984 2961 ἦν
1022 2897 1169 2953 πολὺς
1199 2900 1298 2953 ταῖς
1329 2898 1521 2962 τέχναις,
1556 2898 1715 2945 κάλλει
1749 2899 1898 2960 λόγων
1934 2899 2009 2946 καὶ
2042 2899 2260 2966 ἀκριβείᾳ
2294 2900 2569 2964 πραγμάτων

206 2992 282 3040 καὶ
317 2990 602 3053 στρατηγίαις
634 2988 710 3035 καὶ
745 2989 1031 3047 (Grauertus
1068 2993 1271 3036 correxit
1305 2990 1640 3051 στρατηγικαῖς)
1678 2990 1960 3054 συμβουλαῖς
1992 2990 2068 3038 καὶ
2100 2995 2428 3055 πανηγυρικαῖς
2460 2994 2571 3040 ὑπο-

206 3082 418 3144 θέσεσιν,
465 3096 588 3143 quae
631 3082 810 3143 pariter
853 3085 1077 3142 corrupta
1119 3084 1304 3127 exstant
1347 3081 1434 3126 sub
1479 3082 1662 3127 initium
1706 3082 1973 3128 Marcellini
2018 3088 2159 3144 atque
2203 3086 2243 3129 si
2287 3083 2398 3145 quid
2443 3084 2570 3130 aliud

207 3177 354 3236 ipsius
390 3174 530 3219 huius
567 3172 769 3217 rhetoris
806 3170 1118 3217 existimanda
1153 3177 1275 3217 sunt.
1338 3173 1440 3218 Nec
1475 3187 1571 3218 non
1610 3173 1729 3218 alius
1767 3186 1900 3218 error
1936 3173 2146 3220 eiusdem
2184 3176 2254 3220 rei
2290 3175 2571 3221 documento

209 3272 278 3311 est
314 3270 483 3325 patens
525 3263 573 3308 in
612 3262 768 3308 verbis
811 3259 867 3324 ἦν
903 3261 960 3309 δὲ
995 3259 1088 3308 ἀπὸ
1120 3259 1207 3321 μὲν
1244 3259 1428 3323 μητρὸς
1464 3259 1711 3309 Μιλτιάδου
1753 3263 1834 3309 τοῦ
1871 3265 2126 3326 στρατηγοῦ
2166 3262 2218 3311 τὸ
2252 3262 2390 3326 γένος
2422 3262 2571 3311 ἕλκων

209 3354 302 3400 ἀπὸ
346 3353 403 3399 δὲ
446 3351 622 3410 πατρὸς
658 3348 848 3410 ’ϋλὸρου
890 3355 972 3398 τοῦ
1019 3351 1216 3413 θρᾳκῶν
1254 3350 1511 3414 βασιλέως,
1560 3358 1836 3413 procreatus
1879 3354 1960 3400 ille
2005 3357 2197 3401 nomine
2238 3355 2572 3416 Hegesipylae,

210 3459 333 3505 quae
370 3447 451 3489 uni
487 3445 788 3502 Marcellino,
828 3449 874 3488 et
908 3445 998 3502 ipsi
1033 3449 1146 3503 puto
1182 3445 1308 3489 male
1344 3443 1533 3503 sedulo,
1577 3451 1730 3490 mater
1765 3443 2055 3504 Thucydidis
2092 3444 2312 3504 debetur,
2355 3460 2572 3507 quaeque

210 3534 386 3580 Suidae
425 3533 610 3578 videtur
645 3547 741 3578 non
778 3534 968 3578 diversa
1005 3534 1064 3578 ab
1101 3533 1234 3580 Olori
1270 3536 1395 3594 regis
1433 3535 1545 3593 filia,
1582 3548 1727 3579 uxore
1762 3534 1987 3580 Miltiadis
2023 3535 2186 3580 habita
2222 3548 2339 3581 esse.
