2799 3723
1154 162 1311 168 -.-..
1397 133 1428 176 9
1516 164 1672 169 -.-.,-.

231 276 287 316 ut
320 268 521 325 videtur,
555 265 717 311 statuit
752 263 1009 311 Caecilium
1047 263 1344 311 Calactinum
1377 266 1597 324 Dionysii
1639 266 1886 326 aequalem
1923 267 2127 325 primum
2161 266 2306 311 fuisse
2341 267 2422 326 qui
2460 266 2590 310 Anti-

229 360 464 422 phontem
486 353 777 415 Thucydidis
814 358 1170 415 praeceptorem
1203 356 1415 416 fingeret,
1451 356 1590 402 huius
1618 369 1805 417 quoque
1839 356 2048 415 vestigiis
2083 355 2425 416 ingredientem
2453 354 2588 400 vides

236 446 480 508 Antyllum
516 443 643 507 apud
677 444 1005 492 Marcellinum
1041 457 1081 491 c.
1121 444 1210 506 223
1263 446 1367 506 quis
1403 446 1529 493 enim
1565 444 1764 506 dubitet,
1807 447 1919 507 quin
1955 459 2051 493 non
2087 446 2364 506 interposita
2405 448 2586 490 tantum

235 536 349 585 ὅθεν
372 569 385 582 .
409 568 422 581 .
446 568 459 582 .
501 531 578 581 καὶ
609 531 760 588 ἄθεος
795 531 950 596 ἠρέμα
984 531 1203 597 ἐνομίσθη
1245 534 1329 582 sed
1364 539 1488 582 totus
1529 534 1588 581 de
1626 537 1912 595 Anaxagora
1956 541 2002 582 et
2036 534 2325 595 Antiphonte
2364 546 2588 595 praecep-

233 627 414 675 toribus
447 625 580 671 locus
617 623 678 669 ad
702 625 947 685 Antyllum
978 625 1226 685 referatur,
1260 626 1539 687 praesertim
1575 625 1655 685 qui
1694 626 1819 671 infra
1854 640 2040 687 quoque
2076 640 2115 672 c.
2154 624 2236 685 36,
2274 624 2354 670 ubi
2389 622 2449 669 de
2484 624 2585 669 imi·

232 718 411 763 tatione
455 714 684 773 Gorgiae,
727 713 917 760 Prodici
959 717 1134 775 agitur,
1180 719 1311 763 testis
1357 714 1659 775 producatur.
1737 715 1861 775 Quid
1904 715 2030 775 quod
2072 717 2121 760 in
2163 715 2354 761 scholiis
2398 727 2586 774 quoque

233 806 423 867 saepius
465 802 712 865 adlegatur
753 804 971 865 Antyllus
1014 804 1074 850 ad
1117 805 1224 852 libri
1269 807 1389 852 tertii
1432 819 1471 852 c.
1509 803 1601 865 95,
1647 806 1802 866 quarti
1846 820 1886 852 c.
1925 803 1989 851 19
2031 809 2078 851 et
2114 803 2191 850 28.
2264 803 2583 865 Quamobrem

233 894 478 955 Antyllum
519 894 653 941 illum
696 907 836 954 quem
880 893 973 941 dixi
1009 895 1247 942 rhetorem
1281 896 1514 956 Dionysio
1549 896 1858 956 posteriorem
1900 896 2133 954 conicias,
2177 896 2258 955 qui
2302 907 2420 955 quas
2464 893 2588 939 Mar·

233 987 402 1033 cellino
449 984 716 1045 praebuerit
764 987 922 1045 copias
975 998 1056 1031 eas
1098 987 1199 1046 ipse
1245 999 1274 1031 a
1320 985 1529 1046 Didymo
1571 987 1766 1047 partim,
1814 988 1985 1045 partim
2030 999 2058 1031 a
2099 986 2333 1044 Dionysio
2378 985 2581 1044 petierit.

231 1077 418 1124 Etenim
471 1088 594 1135 quae
648 1075 900 1135 perbrevia
951 1073 1033 1121 Mc
1077 1078 1140 1123 55
1185 1076 1244 1122 de
1289 1077 1504 1135 sepulcro
1549 1074 1838 1134 Thucydidis
1891 1076 1950 1121 ad
2003 1076 2245 1135 Antyllum
2301 1076 2585 1133 referuntur,

231 1166 399 1212 eadem
435 1160 523 1209 Ma
561 1165 624 1211 16
661 1170 707 1210 et
748 1165 809 1211 32
848 1180 905 1211 ex
938 1165 1136 1224 Didymi
1179 1168 1452 1212 auctoritate
1487 1170 1758 1224 narrantur,
1795 1170 1841 1211 et
1875 1167 2031 1225 priore
2067 1165 2257 1225 quidem
2292 1165 2398 1211 loco
2434 1166 2501 1210 ita
2535 1171 2586 1209 ut

231 1254 515 1316 Didymum,
551 1256 686 1301 sicuti
720 1255 932 1301 Prellero
970 1270 1157 1317 quoque
1193 1259 1342 1302 visum
1382 1255 1440 1301 ad
1476 1257 1745 1316 fragmenta
1780 1255 2048 1301 Polemonis
2084 1272 2129 1317 p.
2169 1255 2255 1315 39,
2294 1270 2352 1301 ex
2387 1256 2586 1300 auctori-

229 1353 324 1393 tate
371 1346 641 1393 Polemonis
685 1360 883 1392 narrare
935 1347 1177 1408 adpareat.
1265 1347 1594 1393 Marcellinum
1648 1352 1805 1391 autem
1855 1352 1905 1391 ut
1955 1362 2059 1392 cum
2107 1348 2287 1393 Rittero
2332 1347 2364 1392 l.
2400 1347 2433 1392 l.
2470 1361 2516 1406 p.
2555 1347 2582 1392 1

236 1451 331 1482 non
369 1438 759 1482 commentarium
802 1438 1007 1498 aliquem
1050 1438 1108 1483 de
1143 1439 1241 1483 vita
1284 1442 1329 1482 et
1364 1450 1506 1496 opere
1542 1436 1832 1495 Thucydidis
1872 1436 2027 1482 adisse
2068 1436 2152 1482 sed
2187 1451 2245 1482 ex
2278 1437 2469 1482 scholiis
2505 1450 2586 1495 po-

232 1528 324 1573 tius
371 1527 531 1572 nescio
556 1527 724 1586 quibus
761 1539 848 1573 sua
890 1528 1154 1588 conpilasse
1190 1528 1407 1588 credam,
1449 1540 1604 1588 neque
1645 1529 1749 1588 ipsa
1787 1528 1857 1573 rei
1901 1526 2256 1573 verisimilitudo
2297 1539 2373 1572 me
2408 1531 2583 1584 movet,

229 1630 384 1677 neque
419 1631 563 1676 quam
600 1630 625 1661 e
662 1617 878 1662 Palatino
915 1618 1075 1664 codice
1112 1618 1358 1664 Bekkerus
1394 1617 1538 1663 edidit
1573 1618 1836 1663 Marcellini
1874 1619 2227 1676 inscriptionem
2271 1613 2582 1673 Μαρκελλίνου

228 1704 285 1752 ἐκ
323 1708 413 1752 τῶν
458 1703 529 1760 εἷς
565 1704 848 1768 Θουκυδίδην
893 1705 1087 1768 σχολίων
1130 1706 1237 1768 περὶ
1279 1710 1360 1755 τοῦ
1399 1707 1510 1771 βίου
1556 1705 1697 1754 αὐτοῦ
1743 1705 2033 1753 Θουκυδίδου
2080 1703 2156 1751 καὶ
2194 1708 2277 1767 τῆς
2314 1706 2396 1750 τοῦ
2440 1702 2579 1764 λόγου

229 1795 372 1850 ἰδέας.
431 1798 504 1843 Ea
541 1799 667 1843 enim
701 1797 849 1842 verba
885 1812 941 1842 ex
965 1797 1147 1843 duabus
1182 1800 1299 1844 mihi
1327 1800 1706 1857 inscriptionibus
1744 1798 1947 1843 conflata
1983 1810 2086 1841 esse
2111 1795 2344 1854 videntur,
2381 1810 2582 1854 quarum

232 1887 382 1931 altera
425 1884 738 1946 Μαρκελλίνου
787 1884 855 1940 εἷς
897 1885 1181 1949 θουκυδίδην
1225 1887 1384 1950 σχόλια
1435 1889 1700 1933 Marcellini
1753 1888 2142 1932 commentarium
2195 1888 2241 1930 in
2295 1884 2585 1943 Thucydidis

228 1978 474 2022 historiam
509 1977 754 2037 indicaret,
791 1978 941 2022 altera
977 1974 1085 2036 περὶ
1117 1979 1199 2023 τοῦ
1228 1962 1338 2042 βίου
1378 1976 1667 2024 θουκυδίδου
1702 1974 1779 2022 καὶ
1810 1979 1893 2039 τῆς
1923 1977 2004 2022 τοῦ
2036 1975 2175 2035 λόγου
2212 1974 2342 2026 ἰδέας
2377 1976 2584 2035 priorem

233 2069 371 2114 huius
408 2070 734 2114 commentarii
767 2074 967 2128 partem,
1001 2070 1189 2128 qualem
1225 2072 1510 2116 recentiores
1554 2083 1739 2130 quoque
1783 2069 2155 2127 interpretationi
2200 2068 2353 2113 solent
2395 2080 2586 2111 enarra-

173 2219 177 2223 .
227 2161 408 2204 tionem
453 2160 769 2218 praemittere.
841 2161 901 2204 Et
934 2173 1106 2204 revera
1148 2159 1265 2204 nihil
1311 2161 1397 2205 hoc
1433 2161 1711 2221 opusculum
1753 2161 1843 2205 nisi
1877 2160 2198 2218 prolusionem
2241 2172 2369 2216 esse,
2412 2160 2451 2203 si
2488 2172 2580 2203 non

226 2251 391 2309 primis
428 2252 527 2294 eius
564 2250 737 2308 verbis,
775 2255 823 2294 at
859 2252 925 2294 eis
961 2256 1120 2295 tamen
1157 2252 1384 2309 probatur
1420 2265 1543 2310 quae
1578 2252 1702 2296 infra
1738 2264 1776 2294 c.
1805 2252 1864 2295 51
1904 2252 2077 2308 scripta
2114 2255 2296 2293 exstant
2332 2246 2442 2310 ὄψει
2470 2250 2580 2307 γοῦν

226 2339 333 2396 παρ’
370 2337 496 2398 αὐτῷ
533 2337 748 2399 φρόνημα
783 2338 1073 2397 Περικλέους·
1096 2373 1107 2384 .
1133 2374 1144 2385 .
1172 2373 1183 2385 .
1220 2337 1295 2385 καὶ
1328 2336 1441 2385 ἄλλα
1470 2338 1614 2399 μυρία
1657 2337 1688 2384 ἃ
1722 2337 1860 2384 κατὰ
1895 2336 2078 2397 μέρος
2118 2336 2341 2384 ἐπιδεῖν
2389 2352 2582 2396 πειρα-

226 2427 457 2486 σόμεθα.

427 2518 526 2564 Iam
563 2533 676 2565 vero
716 2523 763 2564 ut
799 2520 1126 2566 Marcellinum
1171 2534 1432 2580 conparare
1470 2534 1581 2565 cum
1619 2518 1892 2564 Marcellino
1930 2531 2204 2578 pergamus,
2248 2533 2369 2579 quae
2404 2518 2514 2563 inde
2552 2533 2580 2563 a

226 2620 265 2652 c.
304 2608 369 2653 45
405 2609 604 2668 legimus
650 2609 708 2654 de
751 2610 1045 2669 expeditione
1089 2611 1496 2671 Amphipolitana,
1546 2609 1605 2655 de
1648 2610 1784 2655 exilio
1821 2608 2108 2666 Thucydidis
2145 2616 2190 2654 et
2233 2609 2410 2656 Cleone
2451 2609 2579 2655 exilii

227 2703 440 2758 auctore,
490 2715 632 2759 porro
671 2701 916 2746 historiam
951 2702 999 2746 in
1035 2701 1244 2747 Thracia
1285 2702 1579 2759 conpositam
1624 2714 1749 2758 esse,
1791 2699 1873 2745 sed
1910 2705 2162 2759 antequam
2205 2699 2265 2745 ad
2303 2701 2443 2746 finem
2479 2715 2579 2759 per=

228 2787 369 2832 ducta
406 2795 529 2834 esset
564 2796 715 2836 morte
752 2792 999 2851 abreptum
1035 2791 1378 2850 Thucydidem,
1420 2805 1478 2835 ea
1514 2793 1673 2836 omnia
1710 2790 1944 2836 secundae
1981 2792 2103 2849 parti
2140 2803 2245 2834 cum
2281 2793 2435 2849 prima
2470 2797 2578 2836 sunt

226 2880 511 2923 communia.
569 2881 644 2925 De
681 2895 824 2941 opere
861 2884 1131 2927 continuato
1170 2896 1198 2927 a
1223 2882 1530 2942 Theopompo
1569 2888 1615 2925 et
1638 2881 1951 2940 Xenophonte
1988 2882 2289 2939 proferuntur
2325 2895 2446 2940 quae
2481 2897 2576 2927 non

224 2972 421 3027 possunt
461 2970 622 3028 ignota
666 2973 810 3016 fuisse
859 2973 901 3016 ei
947 2974 1026 3031 qui
1067 2986 1107 3018 c.
1143 2973 1211 3019 44
1252 2974 1493 3018 variarum
1538 2973 1810 3031 opinionum
1854 2970 1911 3015 de
1948 2972 2100 3015 octavi
2136 2972 2244 3016 libri
2279 2971 2576 3031 Thucydidei

224 3062 416 3103 auctore
451 3060 745 3117 prolatarum
781 3061 893 3105 facit
929 3076 1193 3109 censuram.
1260 3064 1390 3109 Bello
1428 3049 1726 3121 superstitem
1761 3062 1904 3106 fuisse
1937 3060 2261 3118 Thucydidem
2297 3076 2392 3106 non
2431 3068 2581 3107 exstat

224 3163 351 3191 nunc
399 3149 525 3207 apud
567 3148 680 3211 Ma3
734 3158 899 3196 contra
944 3155 992 3195 in
1035 3154 1241 3197 Thracia
1288 3168 1345 3197 ex
1385 3153 1685 3211 quorundam
1738 3154 1956 3210 opinione
2001 3159 2235 3195 mortuum
2281 3166 2385 3196 esse
2439 3154 2581 3196 habet

225 3244 421 3299 uterque
463 3238 553 3284 Ma
595 3242 660 3287 30
705 3248 750 3286 et
786 3243 847 3287 32
886 3239 972 3286 Mb
1007 3244 1094 3302 45,
1138 3257 1424 3304 quamquam
1465 3247 1566 3305 ipse
1608 3244 1908 3289 Marcellinus
1954 3256 2095 3301 quam
2141 3256 2198 3287 ex
2238 3243 2435 3288 diversis
2483 3258 2579 3286 am-

227 3329 460 3387 plectatur
494 3332 793 3390 opinionibus
831 3346 869 3380 c.
909 3332 974 3378 30
1016 3346 1145 3393 seqq.
1183 3333 1400 3393 prolatis,
1442 3335 1568 3381 infra
1603 3333 1789 3380 demum
1827 3333 1981 3391 capite
2016 3332 2084 3378 44
2128 3333 2374 3392 significat.
2445 3333 2578 3393 Quae

225 3423 475 3477 praeterea
510 3435 637 3467 nova
671 3423 869 3482 praebet
893 3419 977 3468 Mb
1012 3423 1077 3469 46
1115 3424 1240 3469 exilii
1276 3437 1420 3469 causa
1457 3423 1621 3471 Cleoni
1657 3421 1983 3481 Thucydidem
2019 3422 2355 3468 obtrectavisse
2397 3419 2469 3467 διὸ
2506 3419 2580 3466 καὶ

226 3503 535 3568 ἀπεχθάνεται
575 3510 642 3569 τῷ
676 3509 854 3557 Κλέωνι
898 3509 973 3556 καὶ
1006 3512 1077 3565 ὡς
1107 3511 1344 3572 μεμηνότα
1380 3511 1516 3558 αὐτὸν
1559 3510 1731 3571 εἰσάγει
1767 3514 1994 3572 πανταχοῦ
2046 3519 2091 3557 et
2133 3527 2256 3571 quae
2293 3518 2433 3557 antea
2476 3512 2579 3557 bre-

225 3597 347 3641 viter
381 3601 564 3643 tantum
599 3600 679 3645 ille
714 3604 975 3648 memoriae
1011 3615 1157 3663 causa
1192 3602 1522 3649 adumbrasset
1544 3617 1630 3662 per
1666 3603 1790 3647 exilii
1827 3603 1972 3647 otium
2009 3603 2280 3647 elaborasse
2317 3616 2422 3645 cum
2460 3607 2578 3659 arte,

2221 3687 2241 3721 2
