2799 3723
237 280 516 376 cieeronem
552 324 856 369 inveniantur
888 320 949 367 de
991 325 1182 367 oratore
1223 320 1256 365 l.
1291 318 1359 379 11,
1367 280 1481 379 86,
1514 317 1599 381 qui
1626 317 1696 365 ita
1726 317 1881 365 στῶσι·
1919 324 1983 364 ent
2015 330 2191 368 rm
2199 311 2669 383 mr*

234 414 483 464 verborum
507 425 660 477 prope
687 425 942 459 numerum
973 408 1312 457 sommium
1336 422 1541 463 numero
1568 415 1874 473 consequatu-
1906 407 2151 472 §capon-0
2174 404 2620 471 ,να-,ὴϋῃ-
2716 427 2733 431 ,-

235 516 493 570 σιρνσεεω
537 501 821 556 utnoscias,
865 508 1030 550 utrum
1067 497 2288 548 reeoroefiomanverbauntmtiismlum
2331 494 2588 557 (of-Bt*

237 599 343 658 66),
377 595 664 655 Dionysium
698 605 902 654 quoque,
936 595 988 638 ut
1021 591 1125 638 fleri
1158 590 1295 651 solet,
1330 591 1621 651 antiquiores
1655 593 1872 636 auctores
1906 591 2042 650 sequi
2076 588 2289 650 adparet.
2571 603 2575 607 ’

437 685 669 745 Quattuor
711 683 1006 743 potissimum
1047 693 1126 728 res
1157 680 1420 728 locutionis
1453 678 1796 740 Thucydideae
1835 680 2060 740 propriae
2093 692 2121 739 e
2153 679 2377 740 Dionysii
2409 677 2585 742 iudieio

235 782 344 827 sunt
383 778 433 823 in
467 773 564 821 iud.
608 773 668 821 de
702 773 849 820 Thuc.
885 787 932 833 p.
969 771 1068 818 869
1111 776 1158 818 et
1199 785 1273 832 ep.
1316 768 1380 817 ad
1414 772 1574 818 Amm.
1608 769 1667 816 11.
1703 784 1749 831 p.
1788 769 1884 817 '793
1936 767 1988 815 τὸ
2024 766 2255 831 ποιητικὸν
2287 770 2379 815 τῶν
2418 766 2588 828 ὀνομά-
2650 752 2655 764 ’

234 884 339 927 των,
373 864 425 914 τὸ
459 862 708 919 πολυειδὲς
738 865 828 910 τῶν
863 860 1130 926 σχημάτων,
1162 859 1215 909 τὸ
1248 859 1393 925 τραχὺ
1426 863 1510 926 τῆς
1540 858 1784 922 ἁρμονίας,
1817 857 1870 907 τὸ
1905 858 2048 924 τάχος
2078 862 2162 924 τῆς
2193 857 2439 923 σημασίας,
2474 873 2588 922 quo·

234 975 340 1007 rum
375 957 556 1005 nullum
590 970 687 1002 non
722 953 849 1016 apud
881 968 1028 1000 unum
1063 953 1322 1000 alterumve
1348 952 1675 1000 Marcellinum
1705 953 1933 1012 invenies,
1968 953 2210 1013 primum
2234 950 2363 1013 apud
2396 947 2488 998 Ma
2520 951 2586 998 41

233 1047 308 1095 καὶ
334 1046 589 1110 ποιητικαῖς
620 1043 836 1098 πολλάκις
867 1042 1101 1106 ἐχρήσατο
1127 1040 1282 1094 λέξεσι
1304 1057 1379 1088 και
1400 1042 1693 1104 μεταφοραῖς
1713 1056 1822 1102 τισις
1857 1047 1902 1088 et
1925 1038 2008 1087 Mb
2034 1042 2096 1088 52
2123 1043 2204 1088 ubi
2231 1042 2584 1102 distinguuntur

234 1138 290 1186 τὰ
314 1137 405 1199 ,μὲν
440 1135 722 1200 ἀρχαιότερα
748 1168 759 1180 .
787 1169 798 1180 .
826 1169 837 1181 .
873 1132 929 1179 τὰ
962 1133 1019 1179 δὲ
1053 1133 1262 1196 ποιηταῖς
1291 1130 1435 1190 μέλει,
1464 1131 1525 1179 τὰ
1558 1129 1726 1189 δ’ἴδια,
1770 1146 1892 1193 quae
1929 1132 2055 1193 apud
2089 1134 2375 1192 Dionysium
2420 1132 2589 1178 eodem

236 1228 401 1278 ordine
437 1227 619 1274 duobus
656 1226 884 1287 capitibus
921 1225 1250 1285 conprehensa
1283 1224 1548 1284 procedunt
1581 1227 1631 1271 in
1666 1237 1742 1284 ep.
1768 1224 1828 1270 ad
1862 1225 2016 1270 Amm.
2042 1223 2100 1269 11.
2125 1237 2171 1283 p.
2201 1223 2315 1270 793.
2374 1224 2589 1271 Secun-

236 1320 369 1366 dum
410 1316 462 1364 τὸ
498 1314 747 1369 πολυειδὲς
778 1317 868 1361 τῶν
903 1301 1155 1378 σχημάτων
1190 1314 1360 1362 iisdem
1396 1317 1496 1362 fere
1532 1315 1690 1361 verbis
1725 1315 1895 1375 repetit
1934 1310 2018 1359 Mb
2055 1315 2115 1361 51
2163 1312 2414 1375 πολυειδὴς
2446 1311 2504 1358 δὲ
2539 1311 2589 1358 ἐν

234 1410 332 1463 τοῖς
363 1408 585 1471 σχήμασιν
627 1405 853 1467 (quarum
888 1407 1145 1466 figurarum
1187 1420 1283 1452 una
1318 1407 1444 1451 infra
1485 1419 1526 1451 c.
1565 1405 1628 1451 53
1663 1407 1908 1467 proposita
1948 1403 2129 1450 τέθεικε
2163 1404 2220 1450 δὲ
2263 1404 2483 1459 πολλάκις
2514 1403 2591 1449 καὶ

234 1497 362 1561 πάθη
403 1495 480 1543 καὶ
512 1494 750 1557 πράγματα
791 1494 884 1541 ἀντ’
918 1494 1104 1556 ἀνδρῶν
1148 1509 1372 1557 expressa
1411 1495 1596 1542 videtur
1637 1509 1664 1541 e
1698 1494 1795 1541 iud.
1832 1495 1892 1541 de
1926 1495 2073 1541 Thuc.
2117 1511 2163 1557 p.
2201 1496 2300 1543 868
2346 1496 2428 1542 ubi
2468 1496 2590 1542 haec

233 1594 341 1637 sunt
382 1586 535 1635 ὁπόσα
575 1601 627 1633 τε
667 1585 856 1647 γίγνεται
900 1584 1138 1646 πράγματα
1181 1583 1279 1632 ἀντὶ
1318 1584 1566 1646 σωμάτων)
1610 1584 1693 1632 Μσ
1728 1587 1791 1634 56
1835 1588 1902 1633 ita
1937 1591 1988 1632 ut
2029 1590 2074 1632 et
2115 1601 2222 1632 cum
2262 1588 2494 1647 Dionysio
2544 1592 2590 1632 et

232 1696 341 1727 cum
364 1676 452 1725 Mb
486 1679 885 1739 propinquitatem
920 1677 1184 1737 adgnoscas
1229 1675 1306 1723 καὶ
1339 1675 1665 1731 ποικιλώτατος
1690 1676 1778 1737 μὲν
1813 1675 1863 1723 ἐν
1895 1678 1995 1731 τοῖς
2026 1680 2110 1739 τῆς
2141 1676 2321 1729 λέξεως
2352 1678 2586 1739 σχήμασιν.

232 1769 355 1831 Quid
392 1767 518 1829 quod
560 1769 718 1829 priore
752 1767 858 1815 loco
896 1782 935 1814 c.
974 1767 1037 1814 51
1081 1783 1179 1814 non
1215 1769 1327 1815 item
1361 1766 1509 1814 altero
1546 1782 1586 1814 c.
1626 1768 1688 1815 56
1733 1768 1991 1828 figurarum
2026 1767 2231 1814 studium
2272 1767 2333 1814 ad
2367 1769 2583 1815 imitatio·

230 1875 340 1905 nem
367 1859 574 1918 Gorgiae
607 1859 810 1904 refertur
844 1861 895 1903 ut
930 1857 1058 1918 apud
1084 1859 1370 1917 Dionysium
1404 1862 1449 1905 in
1489 1873 1562 1918 ep.
1600 1858 1662 1904 ad
1696 1859 1852 1904 Amm.
1888 1859 1945 1904 II.
1982 1873 2027 1917 p.
2062 1858 2174 1916 792,
2210 1858 2305 1904 iud.
2343 1858 2402 1904 de
2437 1859 2584 1905 Thuc-

231 1965 277 2009 p.
316 1949 429 1994 869.
499 1950 666 2008 Neque
709 1947 835 2007 apud
871 1945 960 1991 Ma
1000 1947 1064 1992 36
1101 1947 1233 1992 deest
1271 1949 1470 2007 Gorgias
1510 1950 1730 1993 inventor
1763 1949 2043 2007 figurarum,
2088 1963 2288 2013 quarum
2325 1962 2591 1994 conmemo-

231 2043 396 2086 rantur
435 2039 502 2086 ibi
544 2036 829 2097 παρισώσεις
867 2042 913 2085 et
953 2035 1210 2092 ἀντιθέσεις·
1241 2040 1332 2084 τῶν
1376 2036 1633 2099 ὀνομάτων,
1682 2038 1765 2085 sed
1801 2043 1989 2099 praeter
2025 2039 2252 2098 Gorgiam
2293 2040 2435 2086 etiam
2475 2039 2589 2086 Pro-

232 2128 362 2175 dicus
408 2141 465 2175 ex
499 2129 680 2188 Antylli
724 2130 1016 2174 auctoritate.
1088 2129 1199 2176 Noli
1235 2134 1392 2176 autem
1436 2143 1542 2175 cum
1586 2129 1766 2176 Rittero
1810 2130 1840 2176 l.
1878 2130 1909 2175 1.
1946 2144 1992 2189 p.
2032 2129 2096 2177 30
2143 2143 2198 2175 eo
2236 2129 2588 2175 dissentientem

230 2222 398 2278 putare
435 2217 694 2264 secundum
730 2217 1059 2266 Marcellinum
1103 2233 1133 2265 a
1167 2219 1320 2279 primo
1357 2217 1481 2279 quod
1517 2219 1597 2266 ille
1633 2218 1936 2266 ‘moderatius
1980 2218 2037 2265 de
2080 2220 2338 2265 imitatione
2380 2218 2588 2278 Gorgiae

231 2308 412 2354 dixerit’
456 2305 665 2370 ἐζήλωσε
705 2306 763 2353 δὲ
803 2306 876 2354 ἐπ’
911 2305 1082 2369 ὀλίγον,
1128 2324 1240 2355 nam
1283 2308 1407 2370 quod
1450 2310 1596 2356 habet
1637 2308 1870 2356 secundus
1913 2324 1953 2355 c.
1993 2309 2052 2356 51
2099 2306 2154 2354 τὰ
2195 2306 2342 2354 πολλὰ
2381 2305 2456 2354 καὶ
2498 2310 2587 2354 τῶν

230 2396 428 2457 Γοργίου
465 2396 751 2457 μιμούμενος
783 2413 878 2445 non
923 2399 1181 2460 plurimum
1217 2398 1301 2445 sed
1336 2399 1563 2458 plurimas
1602 2414 1711 2448 eum
1751 2400 1955 2460 Gorgiae
1992 2401 2166 2460 figuras
2210 2401 2442 2446 imitatum
2478 2414 2582 2446 esse

231 2490 476 2548 significat.
548 2489 827 2547 Tertium,
873 2490 997 2548 quod
1035 2495 1137 2535 erat
1171 2488 1223 2535 τὸ
1258 2488 1400 2552 τραχι)
1434 2493 1518 2552 τῆς
1539 2474 1780 2550 ἁρμονίας,
1817 2491 2119 2551 adgnoscitur
2155 2491 2281 2552 apud
2317 2488 2401 2535 Mb
2439 2492 2502 2536 50
2536 2490 2587 2534 τὸ

229 2578 286 2623 δὲ
320 2583 403 2641 τῆς
435 2579 710 2633 συνθέσεως
741 2580 1021 2642 τραχύτητος-
1054 2579 1106 2626 ὂν
1134 2581 1328 2639 μεστόν,
1365 2589 1627 2642 quartum
1661 2582 1713 2627 τὸ
1744 2582 1887 2644 τάχος
1919 2586 2002 2644 τῆς
2032 2580 2259 2643 σημασίας
2291 2583 2479 2627 brevius
2514 2597 2587 2627 ex-

229 2670 401 2729 pressit
443 2666 534 2714 ᾹΙα
574 2671 638 2716 36
681 2671 839 2717 verbis
880 2669 956 2716 καὶ
995 2673 1077 2716 τοῦ
1118 2671 1315 2734 τάχους,
1369 2686 1474 2718 cum
1518 2673 1644 2736 apud
1684 2668 1770 2719 Mb
1807 2674 1868 2719 51
1916 2675 2017 2733 ipse
2060 2672 2360 2732 Thucydides
2404 2672 2587 2717 dicatur

229 2757 370 2821 ταχὺς
403 2758 453 2806 ἐν
488 2759 587 2814 ταῖς·
619 2759 875 2821 σημασίαις.

433 2850 731 2910 Quamquam
768 2851 829 2897 ad
852 2854 1138 2911 Dionysium
1172 2869 1268 2899 non
1293 2855 1542 2913 pertinent,
1579 2856 1690 2900 nolo
1715 2860 1874 2900 tamen
1899 2856 2273 2914 praetermittere
2309 2868 2448 2913 quae,
2478 2868 2586 2898 cum

228 2940 369 2985 nimis
401 2940 603 2999 abrupta
633 2944 843 3001 posuerit
873 2939 960 2988 Mb
997 2943 1059 2989 53
1096 2940 1195 3005 ἔχει
1224 2941 1282 2988 δέ
1317 2958 1355 2988 τι
1386 2940 1461 2988 καὶ
1487 2945 1570 2989 τοῦ
1604 2947 1926 3006 πανηγυρικοῦ,
1965 2943 2014 2990 ἐν
2046 2942 2118 2997 οἷς
2147 2942 2415 3005 ἐπιταφίους
2447 2941 2586 3002 λέγει,

228 3040 314 3073 suo
355 3028 461 3076 loco
508 3035 633 3077 stant
677 3032 803 3092 apud
838 3030 928 3078 Ma
962 3034 1026 3080 42
1075 3032 1143 3094 τῷ
1177 3033 1235 3079 δὲ
1276 3034 1570 3096 πανηγυρικῷ
1606 3031 1874 3098 (ὑποπίπτει
1913 3035 1943 3096 ἡ
1984 3032 2271 3079 θουκυὸίόου
2317 3033 2585 3099 συγγραφή)

229 3115 306 3162 διὰ
347 3121 429 3165 τοῦ
472 3119 736 3183 ἐπιταφίου,
789 3123 871 3170 ubi
913 3126 1056 3171 etiam
1093 3124 1390 3172 deliberativi
1437 3130 1483 3171 et
1517 3126 1749 3173 iudicialis
1785 3128 1970 3183 generis
2016 3126 2232 3185 exempla
2275 3124 2588 3183 Thucydidea

229 3208 447 3258 citantur.

430 3305 608 3364 Aperte
637 3308 871 3367 Dionysio
907 3309 1164 3369 respondet
1195 3309 1321 3370 quod
1355 3305 1442 3355 Mb
1465 3311 1532 3357 48
1568 3313 1765 3371 legimus
1795 3309 2122 3369 Thucydidem
2157 3311 2370 3357 noluisse
2399 3310 2584 3356 fabellis

228 3390 417 3438 insertis
453 3394 690 3445 delectare
727 3413 878 3460 eoque
915 3414 944 3446 a
969 3402 1106 3447 solito
1143 3403 1427 3462 scriptorum
1460 3417 1595 3449 more
1619 3403 1885 3448 recessisse.
1941 3402 2024 3446 Ille
2051 3403 2177 3447 enim
2212 3402 2473 3462 persimilia
2509 3401 2588 3446 do·

233 3482 327 3526 cuit
360 3484 410 3530 in
444 3485 541 3532 iud.
579 3487 639 3534 de
674 3489 821 3538 Thuc.
858 3505 904 3552 p.
943 3491 1055 3540 823.

429 3573 657 3636 Superest
689 3579 823 3627 locus
859 3581 918 3626 de
952 3581 1112 3642 figuris
1152 3596 1317 3629 sensus
1355 3582 1414 3629 de
1450 3586 1620 3644 quibus
1656 3585 1704 3629 in
1739 3587 1873 3629 tanta
1908 3583 2199 3642 reliquarum
2235 3598 2394 3629 rerum
2431 3583 2588 3629 simili-
