2799 3723
1139 144 1654 193 ——11—

426 282 567 345 Apud
589 281 785 330 Suidam
819 283 961 341 igitur
983 286 1035 328 ut
1056 284 1277 341 parentes
1299 278 1589 338 Thucydidis
1625 284 1670 324 et
1699 280 1821 324 filius
1844 278 2134 337 Timotheus,
2170 278 2411 339 Antiphon
2435 292 2571 340 prae-

223 379 401 438 ceptor,
425 377 558 421 aetas
588 398 645 406 -
675 371 808 419 vides
831 373 959 418 enim
982 371 1139 419 verbis
1161 368 1334 433 ἤκμαζε
1355 368 1414 416 δὲ
1434 367 1550 415 κατὰ
1569 367 1649 432 τὴν
1671 365 1747 423 ⁷1¹(
1766 367 2026 429 ὀλυμπιάδα
2047 384 2143 416 non
2169 368 2439 416 adcuratius
2461 383 2569 417 eam

223 465 409 512 definiri
442 477 585 524 quam
619 464 688 508 eis
713 475 835 523 quae
862 461 1163 507 Marcellinus
1197 460 1354 520 prodit
1388 474 1428 505 c.
1467 459 1531 506 20
1557 484 1616 494 —
1644 464 1695 505 ut
1718 460 1839 506 haec
1873 462 2035 506 omnia
2058 458 2119 505 ad
2142 465 2345 519 primam
2377 462 2571 508 Marcel-

223 559 308 605 lini
330 560 513 618 partem
537 551 788 599 referenda
812 558 934 612 sunt,
971 556 1037 597 ita
1067 551 1128 597 ad
1152 553 1339 596 tertiam
1364 564 1486 610 quae
1511 549 1571 595 de
1605 549 1831 596 Herodoti
1854 551 2130 596 recitatione
2153 550 2406 611 Olympica
2428 550 2572 597 habet

224 659 440 709 quaeque
482 645 622 692 simul
674 647 721 690 et
762 644 974 703 pleniore
1016 644 1149 689 illum
1195 641 1460 687 Marcellini
1501 640 1707 686 editione
1749 647 1795 685 et
1837 653 1895 685 ea
1937 656 2058 702 quae
2110 645 2231 688 iusto
2273 641 2440 688 ordine
2476 656 2571 688 uno

223 736 329 783 loco
364 733 424 780 de
458 734 579 792 vita,
620 747 714 780 uno
761 734 872 779 item
914 731 973 778 de
1008 744 1154 791 opere
1188 731 1428 789 scriptoris
1470 733 1661 788 ageret,
1708 742 1840 776 usum
1879 742 1981 776 esse
2014 730 2199 778 docent.
2269 731 2571 792 Quamquam

225 840 283 872 ex
323 825 415 870 hac
456 822 667 870 secunda
707 827 841 883 parte
881 834 1123 882 perpauca
1163 823 1345 865 tantum
1385 818 1556 865 Suidas
1600 820 1808 865 enotavit
1847 833 2002 880 neque
2052 834 2111 866 ea
2153 823 2201 866 in
2245 828 2405 868 nostro
2447 837 2574 869 nunc

224 913 502 961 Marcellino
537 916 742 971 servata,
777 911 859 958 sed
897 925 1019 971 quae
1052 910 1112 955 ad
1147 905 1232 954 Mb
1258 908 1319 954 52
1356 910 1569 968 proxime
1604 909 1831 956 accedere
1855 912 2028 956 senties
2065 913 2334 970 conparatis
2369 914 2572 958 maxime

226 1019 348 1067 quae
398 1004 658 1064 Dionysius
706 1004 755 1049 in
797 1016 870 1062 ep.
917 1001 977 1047 ad
1029 1003 1184 1048 Amm.
1225 1000 1268 1047 11
1309 1015 1354 1061 p.
1394 999 1486 1047 791
1538 1005 1585 1045 et
1629 999 1724 1046 793
1768 1002 1981 1047 variatae
2024 1003 2251 1049 orationis
2295 1002 2511 1064 exempla
2546 1017 2573 1049 e

225 1093 503 1154 Thucydide
538 1095 788 1151 congessit.

427 1186 468 1231 E
503 1182 649 1231 Suida
685 1181 943 1228 Eudociam
969 1195 1056 1226 sua
1079 1181 1294 1225 hausisse
1316 1192 1412 1223 non
1437 1192 1556 1238 opus
1593 1184 1662 1224 est
1689 1179 2029 1240 demonstrare,
2066 1185 2131 1228 ita
2156 1190 2206 1228 ut
2241 1198 2336 1229 una
2372 1187 2574 1243 supersit

228 1274 455 1333 anonymi
491 1287 633 1339 quam
668 1271 828 1318 dicunt
863 1274 959 1318 vita
983 1269 1307 1328 Thucydidea,
1343 1283 1485 1328 quam
1520 1282 1577 1315 eo
1602 1271 1806 1315 maxime
1831 1285 1861 1315 a
1885 1272 2158 1318 Marcellino
2185 1272 2360 1318 distare
2385 1273 2573 1331 dixeris,

227 1363 354 1424 quod
389 1376 512 1423 quae
548 1361 675 1422 apud
711 1362 837 1407 hunc
870 1362 1018 1407 fusius
1055 1361 1267 1420 exposita
1303 1366 1432 1418 sunt,
1473 1359 1570 1404 illic
1604 1358 1753 1404 habes
1788 1362 1836 1405 in
1875 1360 2061 1406 brevius
2099 1368 2362 1422 contracta,
2406 1369 2572 1408 contra

228 1466 351 1513 quae
386 1453 549 1512 paucis
603 1451 803 1498 absolvit
846 1452 925 1511 qui
975 1449 1164 1510 quidem
1215 1464 1342 1496 nunc
1392 1452 1541 1497 exstat
1580 1450 1906 1512 Marcellinus,
1958 1454 2190 1513 ampliora
2235 1455 2430 1514 praebet
2466 1469 2575 1501 ano-

226 1556 422 1602 nymus,
463 1547 514 1588 ut
559 1542 698 1588 huius
734 1555 922 1601 quoque
959 1540 1236 1600 opusculum
1278 1542 1356 1586 vix
1398 1540 1551 1600 possis
1586 1539 1801 1588 dubitare
1837 1544 1947 1603 quin
1986 1558 2042 1590 ex
2082 1544 2291 1591 nondum
2333 1545 2575 1592 decurtato

227 1634 335 1691 illo,
382 1646 522 1692 quem
557 1635 824 1691 statuimus,
870 1632 1144 1677 Marcellino
1181 1636 1472 1676 contractum
1507 1631 1579 1675 sit.
1648 1631 1948 1693 Quamquam
1992 1648 2113 1693 quae
2158 1650 2198 1679 c.
2243 1635 2273 1680 3
2318 1635 2375 1680 de
2417 1651 2575 1696 pugna

228 1723 616 1782 Amphipolitana
650 1737 738 1767 nec
772 1737 868 1768 non
911 1723 969 1767 de
1015 1723 1275 1768 honoribus
1317 1721 1536 1769 defuncto
1571 1723 1799 1769 Brasidae
1842 1725 1901 1769 ab
1939 1726 2335 1785 Amphipolitanis
2378 1726 2575 1772 decretis

228 1827 395 1873 parum
447 1812 509 1858 ad
555 1827 656 1858 rem
699 1818 954 1859 narrantur
997 1828 1054 1859 ex
1088 1815 1234 1874 ipsius
1278 1814 1568 1875 Thucydidis
1608 1815 1729 1860 libro
1766 1815 1808 1859 V
1851 1814 2035 1860 adiecta
2087 1830 2190 1861 esse
2233 1822 2443 1876 possunt.
2515 1817 2576 1862 Ut

229 1906 386 1948 autem
427 1903 632 1949 breviter
675 1903 879 1950 indicem
924 1904 982 1950 de
1024 1905 1192 1965 quibus
1229 1918 1335 1950 cum
1370 1905 1646 1951 Marcellino
1684 1907 1933 1951 conveniat
1976 1920 2236 1964 anonymo,
2281 1907 2356 1952 hic
2392 1919 2577 1966 quoque

229 1992 362 2040 Olori
395 1993 542 2040 filium
578 1994 705 2054 dicit,
740 2009 913 2054 genere
938 1995 1208 2055 Thracium,
1245 1996 1465 2044 Miltiadis
1490 1998 1824 2057 propinquum,
1860 1997 1919 2042 ab
1957 1997 2093 2042 exilio
2118 1997 2342 2042 historiae
2378 1998 2578 2042 conscri-

227 2085 412 2130 bendae
446 2099 665 2143 vacasse,
703 2087 936 2144 sepultum
973 2084 1081 2144 περὶ
1114 2084 1281 2147 Ιιόιλήν
1321 2086 1378 2147 (c.
1406 2088 1431 2133 1
1473 2092 1519 2131 et
1554 2085 1602 2147 8)
1643 2092 1782 2145 atque
1830 2086 2064 2132 diversam
2101 2087 2159 2132 de
2204 2093 2354 2132 morte
2398 2087 2574 2132 famam

227 2175 472 2234 adgnoscit
508 2181 588 2220 aut
611 2177 807 2222 Athenis
842 2180 1079 2222 mortuum
1117 2191 1220 2223 esse
1257 2183 1302 2222 et
1336 2178 1569 2236 sepultum
1606 2182 1686 2222 aut
1720 2179 1768 2222 in
1795 2176 2012 2236 Thracia,
2050 2182 2099 2221 ut
2122 2183 2281 2222 tamen
2318 2192 2489 2237 corpus
2527 2181 2574 2224 in

225 2270 426 2327 patriam
447 2269 714 2311 referretur.
755 2269 960 2327 Uterque
981 2269 1211 2326 ampliora
1237 2281 1374 2327 quam
1400 2282 1487 2327 pro
1514 2269 1612 2311 vita
1636 2267 1941 2326 Thucydidea
1965 2269 2143 2327 profert
2179 2268 2237 2312 de
2276 2269 2577 2328 Antiphontis

225 2362 376 2402 morte
405 2353 511 2414 (Ma
537 2356 598 2402 22
626 2364 671 2402 et
696 2371 836 2403 anon.
866 2358 931 2418 2),
960 2362 1153 2417 uterque
1191 2359 1371 2403 exulem
1397 2356 1723 2416 Thucydidem
1751 2359 1978 2417 Aeginam
2005 2359 2116 2402 facit
2140 2358 2381 2403 cedentem
2419 2359 2577 2417 ibique

225 2449 541 2505 fenerantem,
594 2463 715 2507 quae
758 2463 864 2492 cum
908 2448 983 2492 vel
1026 2449 1092 2492 ita
1143 2448 1348 2493 breviter
1400 2450 1450 2491 ut
1503 2451 1611 2491 sunt
1655 2446 1776 2505 apud
1823 2447 2148 2492 Marcellinum
2190 2447 2397 2493 indicata
2450 2451 2577 2493 omni

228 2542 422 2582 careant
455 2538 877 2596 verisimilitudine,
915 2543 1010 2582 tum
1049 2553 1141 2598 quo
1179 2539 1302 2598 apud
1341 2553 1629 2596 anonymum
1667 2543 1924 2594 conparent
1959 2552 2137 2581 conexu
2163 2552 2268 2582 cum
2293 2538 2577 2596 Pyrilampis

227 2641 372 2674 causa
408 2628 679 2674 consociata
717 2629 866 2688 aperti
904 2630 1077 2674 erroris
1105 2634 1439 2689 coarguuntur,
1476 2634 1521 2673 et
1557 2627 1616 2674 ad
1643 2627 1965 2686 Thucydidem
1992 2627 2215 2672 Melesiae
2241 2629 2393 2687 potius
2432 2627 2576 2671 fllium

226 2719 463 2778 pertinere
501 2718 679 2764 dudum
715 2719 837 2764 inter
881 2717 1043 2764 doctos
1080 2724 1276 2766 constat.
1348 2719 1470 2779 Quin
1520 2719 1662 2764 etiam
1698 2717 1916 2763 Timaeus
1959 2718 1997 2762 si
2034 2725 2284 2777 propterea
2326 2718 2579 2778 reprehen-

227 2808 351 2853 ditur
388 2823 418 2853 a
457 2808 734 2855 Marcellino
780 2809 856 2855 vel
891 2808 1126 2868 Didymo,
1171 2810 1295 2869 quod
1339 2812 1386 2856 in
1423 2810 1559 2856 ltalia
1603 2806 1925 2867 Thucydidem
1970 2806 2209 2853 habitasse
2252 2822 2291 2854 c.
2332 2807 2394 2854 25
2438 2814 2578 2869 atque

227 2898 459 2956 sepultum
502 2913 541 2944 c.
588 2899 651 2944 33
696 2898 962 2958 tradiderit,
1014 2901 1132 2945 sicut
1174 2914 1439 2958 anonymus
1483 2915 1668 2960 quoqne
1703 2899 1903 2945 Thurios
1949 2900 2229 2958 migrantem
2273 2899 2409 2956 facit,
2445 2898 2578 2947 Olori

228 2988 374 3032 filium
398 3001 484 3047 pro
510 2989 735 3035 Melesiae
766 2990 890 3033 male
922 2990 1123 3048 positum
1150 3004 1254 3035 esse
1290 2992 1386 3036 sive
1414 3006 1442 3035 a
1466 2991 1661 3036 Timaeo
1688 2992 1786 3035 sive
1813 3006 1840 3034 a
1865 2990 1989 3034 vitae
2014 2989 2351 3047 Thucydideae
2388 2990 2582 3049 scripto-

227 3077 357 3123 ribus
421 3078 730 3138 probabiliter
796 3080 995 3125 coniecit
1048 3080 1359 3126 Hoffmannus
1407 3081 1482 3126 De
1538 3078 1812 3139 Thucydide
1867 3080 2090 3125 Melesiae
2144 3079 2238 3125 filio
2290 3079 2583 3136 Atheniensi,

228 3166 493 3226 Hamburgi
523 3182 567 3214 a.
604 3169 733 3215 1871
771 3185 817 3230 p.
855 3169 919 3215 36
956 3175 1002 3215 et
1035 3169 1115 3215 40.
1188 3169 1321 3229 Quae
1355 3177 1603 3229 praeterea
1638 3170 1762 3231 apud
1790 3174 2037 3228 utrumque
2061 3171 2380 3228 inveniuntur,
2417 3171 2583 3216 morbo

230 3264 468 3305 mortuum
504 3276 609 3306 esse
641 3262 967 3321 Thucydidem
992 3258 1082 3304 Ma
1117 3262 1184 3306 44
1211 3280 1271 3300 =
1299 3275 1439 3305 anon.
1479 3263 1524 3320 5,
1561 3266 1777 3306 octavum
1802 3261 2025 3305 historiae
2050 3260 2388 3317 Thucydideae
2412 3261 2583 3305 librum

229 3350 350 3396 falso
396 3363 426 3395 a
471 3351 754 3412 quibusdam
798 3351 1064 3412 Thucydidi
1115 3351 1377 3399 abiudicari
1410 3348 1501 3396 Ma
1543 3352 1607 3398 43
1642 3369 1702 3390 z
1744 3364 1884 3396 anon.
1932 3350 1978 3410 8,
2028 3352 2350 3396 continuatum
2403 3363 2518 3410 opus
2556 3364 2585 3394 a

231 3439 539 3501 Theopompo
576 3446 622 3488 et
645 3443 962 3504 Xenophonte
988 3439 1078 3488 Ma
1102 3443 1166 3489 43
1192 3456 1322 3503 seqq.
1351 3460 1411 3481 =
1439 3457 1580 3489 anon.
1609 3444 1638 3489 5
1664 3461 1724 3482 z
1751 3442 1948 3489 Diodor.
1975 3441 2056 3500 13,
2080 3441 2163 3500 42,
2188 3455 2282 3487 non
2310 3448 2504 3502 possunt
2528 3454 2586 3485 ea

231 3545 326 3577 non
365 3531 424 3577 ab
462 3531 629 3578 eodem
666 3538 857 3580 auctore
899 3535 1111 3594 profecta
1154 3546 1272 3579 esse.
1345 3531 1585 3579 Censurae
1636 3531 1837 3592 denique
1884 3532 2235 3591 Dionysianae,
2289 3533 2419 3576 cuius
2462 3529 2585 3590 apud

232 3622 561 3669 Marcellinum
598 3627 796 3685 vestigia
832 3626 1130 3684 apertissima
1165 3622 1520 3683 deprehendere
1563 3623 1700 3668 nobis
1744 3622 2049 3679 videbamur,
2093 3622 2170 3666 hic
2206 3635 2391 3680 quoque
2428 3620 2587 3665 admo-
