2799 3723
1148 99 1667 144 —4—

228 244 371 279 nemo
405 232 506 280 fere
542 236 732 293 praeter
766 249 914 280 unum
948 234 1179 280 Ritterum
1206 229 1286 293 ι5),
1323 235 1401 293 qui
1438 234 1627 294 quidem
1661 234 1779 281 nihil
1814 250 1909 281 non
1945 234 2105 281 fictum
2139 249 2245 282 esse
2280 241 2431 298 putat,
2467 238 2583 298 quin

228 323 503 370 interfectus
538 325 598 370 sit
631 323 950 383 Thucydides,
987 323 1285 370 dubitaverit.

434 415 588 472 Atque
624 412 751 457 haud
787 415 884 457 scio
922 426 982 456 an
1018 427 1113 457 non
1149 414 1387 472 potuerint
1421 416 1617 459 nonita
1639 415 1727 460 viri
1764 413 1888 460 docti
1923 412 2187 473 dissentire,
2223 418 2450 476 quoniam
2481 430 2580 464 non

230 501 342 562 quid
378 503 570 548 omnino
607 501 665 547 de
701 501 978 560 Thucydide
1014 510 1198 548 veteres
1241 503 1309 549 illi
1342 508 1485 549 testes
1521 508 1797 563 conpertum
1839 503 2093 550 habuerint
2127 509 2174 550 et
2206 504 2386 552 habere
2422 509 2585 566 potue·

227 591 321 634 rint
356 592 760 650 examinaverunt,
796 590 882 636 sed
920 606 1302 653 unamquamque
1339 595 1678 653 quaestionem,
1714 593 1859 638 veluti
1893 592 1953 638 de
1988 607 2115 639 anno
2149 593 2314 653 natali,
2351 592 2410 640 de
2447 607 2584 654 prae-

231 680 522 739 ceptoribus,
561 679 620 726 de
654 685 832 741 morte,
869 695 954 741 per
989 695 1040 728 se
1076 682 1328 729 solvendas
1365 697 1468 728 esse
1503 681 1844 728 iudicaverunt.
1914 682 1984 729 Ita
2019 681 2209 743 quidem
2244 682 2370 729 ultra
2404 681 2586 730 dubita-

225 767 403 813 tionem
449 770 526 815 vix
567 771 792 828 progredi
836 772 967 830 licet,
1022 772 1418 832 quemadmodum
1461 773 1671 818 Blassius
1713 772 1744 816 l.
1788 772 1820 816 l.
1874 786 2027 831 neque
2072 772 2373 832 Pamphilam
2427 786 2585 832 neque

225 855 555 903 Marcellinum
608 860 658 904 in
707 861 1034 907 constituenda
1079 863 1319 921 scriptoris
1373 867 1525 908 aetate
1578 863 1854 908 testimoniis
1900 862 2054 921 potius
2107 876 2251 922 quam
2303 862 2585 908 coniecturis

224 947 310 990 niti
361 951 493 993 ratus
547 953 837 1008 argumentis
889 957 1049 997 tamen
1102 953 1296 997 refutari
1341 966 1481 1011 posse
1523 953 1821 1011 Pamphilam
1873 957 2030 1011 negat.
2117 952 2288 1010 Recte,
2339 953 2430 998 nisi
2477 952 2581 1012 quis

225 1036 444 1082 omnibus
484 1051 607 1097 quae
643 1038 701 1083 de
737 1041 836 1083 vita
871 1040 1161 1098 Thucydidis
1197 1042 1368 1086 tradita
1405 1043 1672 1100 accepimus
1708 1042 1928 1099 conlatis,
1971 1042 2140 1101 quibus
2184 1053 2242 1086 ex
2280 1041 2487 1087 fontibus
2524 1053 2583 1086 ea

224 1127 460 1186 fluxerint,
498 1132 638 1174 antea
674 1127 1083 1190 demonstraverit,
1121 1135 1261 1191 atque
1294 1129 1487 1176 eosdem
1521 1131 1674 1176 fontes
1704 1131 1973 1176 etiamnunc
2007 1130 2144 1176 nobis
2174 1129 2235 1176 ad
2263 1129 2583 1177 hauriendum

223 1224 404 1278 patere,
441 1219 737 1280 eandemque
774 1220 910 1265 nobis
948 1234 1089 1280 quam
1127 1220 1362 1266 veteribus
1399 1219 1696 1266 coniectandi
1731 1221 1976 1265 materiem
2012 1219 2316 1280 suppeditare
2352 1219 2583 1279 docuerit,

224 1309 348 1368 quod
387 1311 484 1355 iam
521 1309 849 1356 demonstrare
885 1310 1002 1356 mihi
1037 1311 1086 1356 in
1124 1312 1281 1356 animo
1320 1315 1401 1355 est.

424 1399 622 1446 Exstant
662 1400 804 1459 igitur
845 1398 995 1446 ‘vitae
1032 1399 1392 1459 Thucydideae'
1437 1400 1709 1459 conplures,
1764 1400 2057 1459 amplissima
2092 1399 2382 1460 Marcellini,
2435 1401 2583 1460 ignoti

223 1491 496 1548 ceteroquin
532 1490 742 1535 incertae
779 1492 944 1548 aetatis
980 1492 1237 1550 scriptoris,
1273 1492 1362 1536 nisi
1399 1491 1459 1535 ab
1496 1504 1552 1535 eo
1589 1492 1707 1536 forte
1742 1490 2036 1548 Marcellino,
2077 1491 2208 1535 cuius
2245 1502 2353 1535 cum
2390 1490 2583 1549 Sopatri

221 1577 507 1638 Syrianique
544 1578 818 1625 coniunctos
846 1581 1209 1626 commentarios
1234 1578 1446 1625 Walzius
1482 1579 1528 1625 in
1556 1579 1799 1624 rhetorum
1823 1593 2102 1639 graecorum
2137 1578 2378 1624 volumine
2413 1582 2582 1639 quarto

222 1666 383 1725 edidit,
419 1683 514 1712 non
551 1669 788 1714 diversum
825 1671 957 1715 illum
995 1672 1139 1715 fuisse
1174 1677 1367 1730 propter
1398 1672 1667 1715 communia
1702 1670 1967 1714 rhetoricae
2003 1669 2158 1713 studia
2193 1682 2300 1713 cum
2334 1670 2376 1713 J.
2404 1670 2459 1714 A.
2494 1669 2583 1712 Fa·

226 1757 374 1803 bricio
399 1736 459 1802 inl*
475 1758 586 1804 bibl.
614 1773 683 1818 gr.
709 1760 751 1804 II
775 1773 821 1819 p.
851 1759 966 1805 721·
997 1760 1220 1817 conicias,
1258 1765 1338 1804 aut
1371 1761 1526 1804 minus
1562 1760 1703 1804 etiam
1740 1758 2009 1817 probabiles
2046 1757 2247 1803 aliorum
2283 1758 2583 1804 coniecturas

222 1848 456 1908 sequaris.
509 1848 764 1909 Aliquanto
801 1849 993 1897 brevior
1029 1854 1100 1897 est
1134 1850 1286 1896 altera
1320 1847 1462 1910 ‘vita',
1502 1845 1790 1895 Hovxodc'doo
1813 1844 1944 1912 βίος,
1980 1848 2109 1895 nullo
2147 1848 2351 1894 auctoris
2388 1847 2580 1893 nomine

222 1952 330 1985 cum
373 1938 636 1985 Marcellini
684 1941 911 1999 opusculo
953 1942 1049 1987 iam
1094 1942 1153 1987 ab
1198 1942 1532 2001 antiquissimis
1578 1939 1860 1986 editionibus
1901 1943 2180 1999 propagata.
2260 1939 2470 1985 Tertiam
2514 1949 2584 1983 se·

222 2026 376 2072 cunda
414 2028 681 2073 breviorem
717 2030 867 2076 habes
905 2030 1032 2090 apud
1067 2030 1283 2087 Suidam,
1329 2037 1544 2089 quartam
1587 2033 1728 2075 trium
1770 2030 2112 2075 versiculorum
2152 2013 2395 2075 Eudociae
2439 2028 2584 2072 viola·

220 2121 344 2164 rium
380 2121 590 2179 praebet.

424 2209 517 2254 Sed
557 2216 602 2254 et
636 2213 789 2269 ipsam
826 2211 1092 2254 Marcellini
1128 2210 1320 2254 ‘vitam'
1356 2225 1449 2255 non
1488 2225 1653 2267 unam,
1690 2210 1774 2254 sed
1812 2224 1869 2253 ex
1904 2209 2086 2254 duabus
2121 2211 2331 2254 tribusve
2367 2212 2582 2269 partibus

222 2299 476 2345 conflatam
514 2313 634 2357 esse,
672 2298 848 2344 dudum
886 2305 1184 2360 perspectum
1223 2303 1293 2344 est
1330 2313 1358 2343 a
1392 2298 1636 2358 Poppone,
1673 2297 1925 2358 Grauerto,
1962 2298 2080 2343 aliis.
2148 2299 2255 2344 Jam
2291 2312 2406 2344 vero
2444 2313 2584 2359 quae-

219 2389 421 2435 rendum
470 2394 560 2448 est,
615 2390 819 2448 primum
864 2394 1024 2449 partes
1067 2389 1194 2447 illae,
1248 2403 1370 2448 quae
1414 2402 1661 2434 commune
1706 2387 1969 2433 Marcellini
2011 2403 2184 2434 nomen
2237 2389 2583 2448 praescriptum

219 2479 402 2537 ferunt,
447 2484 605 2524 utrum
643 2493 699 2524 ex
736 2477 904 2524 eodem
949 2494 1010 2524 an
1047 2493 1103 2523 ex
1140 2477 1338 2523 diversis
1374 2477 1578 2523 fontibus
1614 2478 1920 2536 proveniant,
1962 2476 2132 2523 deinde
2168 2478 2297 2537 quali
2334 2492 2440 2522 cum
2479 2478 2584 2522 reli-

222 2571 326 2631 quis
368 2569 461 2614 illis
498 2568 649 2614 ‘vitis'
695 2570 1060 2629 propinquitatis
1106 2570 1295 2614 vinculo
1341 2569 1618 2614 coniunctae
1661 2569 1766 2613 sint.
1839 2570 1993 2628 Atque
2033 2574 2128 2614 tres
2168 2569 2280 2614 illae
2316 2569 2584 2614 Marcellini

219 2664 379 2719 partes
417 2673 525 2703 cum
563 2672 619 2703 eo
656 2660 953 2717 potissimum
990 2666 1285 2717 separentur,
1322 2657 1447 2717 quod
1483 2671 1579 2702 non
1615 2659 1776 2716 semel,
1823 2660 1943 2704 sicut
1975 2659 2024 2702 in
2062 2660 2305 2716 prooemio
2343 2663 2445 2704 erat
2479 2672 2585 2717 pro-

218 2750 441 2805 missum,
488 2762 517 2792 a
552 2749 651 2792 vita
687 2747 960 2792 enarranda
1003 2747 1061 2792 ad
1100 2747 1337 2792 scribendi
1379 2761 1526 2808 genus
1562 2747 1904 2793 recensendum
1941 2748 1990 2791 fit
2024 2748 2272 2806 transitus,
2313 2747 2396 2793 sed
2434 2747 2584 2792 tribus

219 2841 336 2884 locis
373 2839 432 2882 de
468 2840 566 2883 vita
602 2839 666 2896 (c.
695 2838 876 2897 1—34,
910 2838 1128 2896 45—47,
1163 2838 1399 2897 54-55),
1434 2839 1582 2883 tribus
1618 2841 1729 2882 item
1766 2841 1830 2894 (c.
1859 2838 2074 2896 35-44,
2105 2838 2324 2897 48—53,
2359 2837 2583 2891 56—58)

220 2929 278 2971 de
315 2942 460 2988 opere
496 2928 788 2987 Thucydidis
827 2930 1003 2987 agitur,
1047 2941 1143 2971 non
1181 2927 1238 2971 de
1276 2928 1509 2987 prioribus
1553 2932 1733 2972 tantum
1768 2929 1910 2972 trium
1946 2929 2149 2988 partium
2193 2927 2398 2973 dimidiis
2445 2939 2586 2987 expo·

218 3030 333 3063 nere
377 3018 569 3076 sufficit,
615 3017 696 3063 sed
743 3018 893 3063 altera
936 3030 1123 3078 quoque
1164 3018 1483 3079 perstringere
1528 3017 1683 3077 iuvat,
1724 3020 1776 3063 ut
1817 3017 1892 3064 vel
1934 3017 2043 3064 inde
2088 3017 2341 3079 adpareat,
2385 3031 2482 3064 non
2517 3017 2585 3062 ita

219 3109 326 3155 illas
362 3115 523 3169 partes
562 3107 849 3167 discrepare,
889 3110 954 3154 uti
990 3109 1143 3154 visum
1181 3113 1251 3154 est
1286 3107 1405 3153 aliis.

422 3197 633 3243 Primam
684 3196 874 3257 quidem
920 3202 1104 3258 partem
1152 3199 1192 3244 si
1242 3196 1438 3255 Didymi
1484 3201 1665 3243 tantum
1711 3198 1860 3244 verba
1912 3203 2129 3258 repetere
2184 3177 2324 3258 atque
2371 3213 2458 3258 pro
2502 3198 2584 3244 Di-

219 3287 350 3347 dymi
393 3288 622 3347 opusculo
666 3287 939 3334 habendam
975 3302 1078 3333 esse
1115 3302 1222 3332 cum
1258 3288 1438 3333 Rittero
1486 3302 1704 3347 censeas,
1749 3303 1805 3334 eo
1850 3288 1974 3348 quod
2019 3290 2068 3334 in
2107 3289 2257 3334 altera
2298 3294 2435 3348 parte
2470 3290 2585 3334 Dio-

218 3380 343 3436 nysii
386 3379 823 3424 Halicarnassensis
868 3378 925 3423 de
962 3377 1239 3437 Thucydide
1281 3377 1503 3423 iudicium
1546 3381 1855 3438 inpugnatur,
1898 3380 2024 3424 hanc
2066 3379 2150 3424 illa
2188 3382 2501 3440 posteriorem
2538 3384 2585 3423 et

427 3579 468 3624 16)
492 3576 636 3624 Didymi
660 3576 884 3613 chalcenteri
908 3575 1074 3624 opuscula
1097 3574 1209 3612 edidit
1232 3574 1273 3610 F.
1298 3575 1455 3611 Ritterus
1479 3575 1644 3612 Coloniae
1670 3576 1757 3612 1845
1780 3587 1813 3624 p.
1839 3576 1892 3612 25.
