2799 3723
619 152 999 248 ''fluctui-us,
1051 202 1193 249 quom
1238 160 1491 236 bremae-³
1527 186 1674 235 αἰιιοι
1722 184 1834 240 Ma.
1879 184 1986 242 Mb,
2028 184 2115 235 Hc
2162 188 2330 236 littoris
2370 189 2588 259 signabo,

308 354 377 465 *ff*
390 371 401 390 ³
429 373 549 443 ‘hii
590 371 779 440 uidendi
810 403 999 464 ‘genera
1035 390 1339 454 χαρακτῆρες
1381 387 1584 454 ὑψηλός,
1619 388 1791 453 μέσης,
1838 387 1993 454 ἰσχνός
2037 394 2221 440 exstant
2263 390 2389 454 opud
2435 391 2590 440 solum

225 468 419 534 MSS
442 476 501 527 ἐὶ
523 478 590 528 43
624 478 678 526 ut
711 478 838 542 apud
872 480 1161 540 Dionysium
1196 479 1256 526 de
1292 479 1463 527 admit.
1498 481 1547 526 vi
1582 479 1672 526 dio.
1709 481 1759 526 in
1792 481 2041 528 Demosth.
2077 497 2125 543 p.
2152 480 2266 541 207,
2302 495 2395 542 quo
2429 480 2589 528 nullus

115 539 397 638 '³:²*51'1‘3'ffiffio‘
417 570 666 631 antiquior
698 569 838 617 huius
880 567 1125 617 doetrinae
1169 573 1334 617 auctor
1374 573 1527 617 exstat
1566 574 1685 617 teste
1727 570 2032 618 Volkmanno
2076 568 2186 633 (Die
2230 569 2463 618 Rhetorik
2505 569 2591 616 der

230 651 468 708 Grieohen
504 659 602 706 und
637 660 815 707 Romer
848 675 895 722 p.
931 657 1078 725 458),
1119 675 1405 723 quamquam
1444 677 1473 708 a
1507 660 1837 722 Theophrasto
1873 661 1950 708 vel
1985 661 2047 709 ab
2081 645 2331 708 Isocrate-is
2364 660 2449 707 illa
2482 676 2588 722 pro-

226 754 405 817 pagata
451 763 556 798 esse
597 750 799 797 videtur.
870 752 1018 799 Primi
1053 754 1263 814 generiS,
1305 752 1449 812 ampli
1485 753 1664 799 scilicet
1706 756 1753 799 et
1787 732 2015 812 sublimis,
2056 756 2108 798 ut
2140 752 2401 812 Dionysius
2430 750 2590 798 multis

226 843 345 889 locis
382 847 428 889 et
461 856 604 889 nemo
639 857 737 889 non
775 843 1069 893 Graecorum
1106 844 1403 898 (Volkmann
1438 844 1471 889 l.
1503 844 1534 889 l.
1560 858 1606 904 p.
1643 844 1845 903 451**),
1887 842 2213 903 Thucydidem
2248 847 2468 889 numerat
2500 839 2591 888 Ma

228 931 294 979 35
337 931 390 978 τὸ
432 932 735 994 μεγαλοφυὲς
774 931 849 978 καὶ
893 932 1072 996 ὑψηλὸν
1114 936 1196 979 τοῦ
1231 938 1558 996 χαρακτῆρος,
1611 931 1697 979 Mb
1744 936 1808 981 50
1849 931 1948 995 ἔχει
1988 933 2045 979 δὲ
2071 936 2348 996 χσφακτῆρα
2392 931 2589 992 ὒπέρσε·

220 1036 339 1082 μνον
374 1019 451 1068 καὶ
476 1020 638 1084 μέγαν,
673 1019 758 1068 Mc
793 1024 856 1070 56
892 1019 988 1069 ἔστι
1028 1021 1085 1069 δὲ
1118 1022 1196 1086 τὴν
1232 1020 1358 1070 ἰδέαν
1393 1022 1468 1070 καὶ
1497 1022 1574 1070 τὸν
1600 1027 1875 1087 χαρακτῆρα
1903 1022 2279 1087 μεγαλοπρεπής.
2349 1024 2483 1085 Quae
2518 1037 2588 1071 ss-

231 1111 387 1159 cundo
412 1114 646 1174 tertioque
670 1113 775 1160 loco
801 1118 1060 1174 sequuntur
1094 1128 1191 1160 non
1226 1115 1349 1160 inter
1381 1129 1431 1161 se
1467 1120 1649 1162 tantum
1687 1115 1925 1161 simillima
1960 1113 2043 1160 sed
2079 1128 2186 1161 oum
2209 1115 2443 1174 Dionysio
2480 1128 2590 1174 quo-

230 1219 322 1264 que
359 1205 648 1263 conspirant,
685 1203 811 1264 quod
847 1205 894 1248 in
931 1205 1080 1249 tribus
1118 1204 1348 1250 columnis
1383 1206 1675 1265 iuxtapositis
1713 1220 1875 1251 eorum
1913 1206 2071 1250 verbis
2106 1205 2281 1265 optime
2317 1203 2589 1264 adparebit:

503 1358 591 1406 Mb
630 1362 695 1408 50

226 1449 278 1497 τὸ
314 1449 370 1497 δὲ
405 1453 488 1515 τῆς·
530 1449 805 1505 συνθέσεως
845 1465 970 1511 τρα-

219 1540 467 1604 χύτητος
494 1539 546 1587 ὂν
572 1540 744 1601 μεστὸν
774 1539 849 1587 καὶ
881 1540 969 1601 ἐμ·
1008 1550 1010 1555 “

223 1630 435 1694 βριθὲς
479 1629 554 1677 καὶ
600 1631 969 1696 ῦπερβατικύν

225 1719 374 1768 ἐνίοτε
426 1719 484 1767 δὲ
534 1719 766 1783 ἀσαφές·
821 1720 869 1767 αἱ
914 1720 970 1768 δὲ

220 1810 574 1874 βραχύτητες
609 1810 864 1871 θαυμασταὶ
897 1810 972 1857 καὶ
1008 1859 1010 1884 Ι

224 1903 337 1945 τῶν
409 1900 641 1952 λέξεων
715 1900 775 1946 αἱ
828 1899 1010 1953 νόεςξ

224 1989 478 2045 πλείονες
1005 1972 1009 2051 1

226 2082 287 2128 51
339 2081 550 2141 πικρὸς
585 2081 635 2128 ἐν
671 2083 769 2136 ταῖς·
803 2080 967 2144 αὑστη-
1004 2057 1010 2160 1

218 2169 410 2232 ρότησιν
1006 2164 1008 2193 ⁸

1005 2219 1008 2241 ί

227 2262 288 2308 53
331 2258 466 2320 μέλει
501 2259 673 2321 ὃάὐτῴ
714 2258 789 2307 καὶ
824 2258 966 2321 ὄγκου
1005 2249 1009 2276 ¹

224 2353 315 2396 τῶν
341 2349 581 2410 ὀνομάτων
606 2349 681 2397 καὶ
704 2350 970 2414 δεινότητος

223 2445 314 2487 τῶν
382 2439 825 2504 ἐνθυμημάτων
893 2440 969 2486 καὶ
1004 2460 1008 2544 1

224 2532 388 2593 ὥσπερ
454 2533 720 2595 φθάσαντες
777 2530 966 2593 εἴπομεν
1004 2545 1008 2593 1

221 2623 518 2687 βραχύτητος
564 2623 850 2677 συντάξεως·
904 2622 967 2668 τὰ

222 2712 327 2774 γὰρ
365 2711 545 2760 πολλὰ
586 2715 690 2759 τῶν
726 2712 966 2773 πραγμά-

223 2819 331 2849 των
389 2801 465 2848 καὶ
525 2801 740 2866 (ὀλίγῃῖ)
810 2803 967 2856 λέξει

224 2892 527 2951 δείκνυται,
553 2908 676 2956 quae
700 2896 861 2955 paullo
887 2895 967 2941 ob-

223 2986 407 3030 scurius
455 2984 581 3030 dicta
629 2985 854 3030 videntur
900 2989 966 3030 ta·

223 3089 335 3121 men
376 3090 473 3121 non
520 3075 738 3121 diversae
782 3080 966 3122 senten·
1003 3070 1007 3183 1

221 3167 316 3212 tiae
356 3171 498 3228 atque
543 3180 602 3212 ea
653 3180 775 3227 quae
820 3181 964 3227 supra
1004 3186 1007 3237 1

224 3260 484 3318 posuimus.
1003 3257 1009 3392 1

1003 3399 1010 3589 1

1317 1359 1402 1407 Mc
1437 1362 1501 1408 56

1040 1449 1318 1514 ἐμβριθὴς
1338 1450 1416 1514 τὴν
1440 1450 1624 1514 φράσιν,
1652 1449 1779 1496 ἀσα·
1809 1442 1813 1499 1
1852 1451 1999 1498 Thuc.
2036 1452 2133 1498 iud.
2170 1466 2217 1513 p.
2255 1452 2352 1499 869
2395 1456 2441 1499 et
2476 1452 2591 1513 951,

1041 1540 1152 1603 φὴς·
1207 1540 1285 1603 τὴν
1339 1541 1542 1589 διάνοιαν
1600 1540 1677 1588 διὰ
1728 1501 1813 1598 τὸ1
1853 1556 1927 1602 ep.
1965 1542 2026 1589 ad
2063 1543 2218 1589 Amm.
2255 1542 2310 1589 II.
2348 1557 2394 1602 p.
2435 1542 2531 1590 793

1041 1631 1387 1696 ὑπερβατοῖς
1422 1631 1623 1695 χαιζοειν,
1672 1629 1780 1676 ὀλί-

1038 1739 1174 1783 γοις·
1258 1722 1511 1782 ὀνόμασι
1591 1718 1781 1768 πολλὰ

1042 1811 1324 1873 πράγματα
1367 1812 1559 1874 δηλῶν.

1808 1361 1812 1419 1
2073 1363 2274 1422 Dionys.
2312 1361 2371 1408 de

1809 1600 1813 1668 1
1843 1632 2070 1694 χρώματα
2098 1631 2150 1678 τὸ
2181 1632 2411 1694 στρυφνὸν
2440 1631 2516 1678 καὶ
2539 1632 2591 1678 τὸ

1852 1721 2049 1781 πικρόν
2075 1757 2086 1768 .
2111 1756 2124 1768 .
2149 1756 2161 1767 .
2192 1719 2269 1768 καὶ
2300 1721 2352 1768 τὸ
2389 1720 2592 1784 αὐστη-

1847 1828 1882 1871 ρ
1894 1810 1920 1857 ὸ
1931 1828 1953 1856 ν
1975 1810 2050 1857 καὶ
2066 1810 2118 1857 τὸ
2137 1810 2416 1875 ἐμβριθές-
2429 1812 2456 1858 ὗ
2466 1827 2592 1872 περ·

1810 1908 1814 1962 1
1849 1900 1992 1964 βατά
2043 1903 2232 1962 saepius
2276 1907 2500 1947 notantur
2542 1907 2593 1946 ut

1855 1990 1914 2038 de
1945 1991 2094 2038 Thuo.
2131 1990 2227 2038 iud.
2262 1991 2377 2051 891,
2415 1991 2512 2039 943
2546 1996 2593 2038 et

1855 2082 2153 2128 obscuritatis
2181 2088 2432 2129 accusatur
2457 2081 2592 2145 βρα-

1809 2153 1812 2230 Q
1846 2170 2019 2232 χύτης
2052 2171 2166 2217 951.

1854 2259 2135 2322 ἐκδηλότατα
2177 2258 2365 2307 δἀὐτοῦ
2402 2258 2478 2306 καὶ
2508 2276 2592 2322 χα-

1809 2366 1813 2413 1
1849 2348 2230 2412 ρακτηρικώτατά
2287 2349 2381 2397 ἐστι
2437 2350 2489 2397 τό
2541 2366 2591 2397 τε

1810 2423 1813 2492 1
1855 2442 2102 2501 πειρᾶσθαι
2162 2441 2227 2486 δι’
2276 2440 2591 2504 ἐλαχίστων

1809 2497 2146 2599 1ὀνομάτων
2206 2532 2439 2578 πλεῖστα
2497 2548 2591 2594 ση-

1809 2620 2082 2695 1μαίνειν
2147 2622 2456 2684 πράγματα
2518 2620 2594 2668 καὶ

1780 2703 1813 2771 1
1850 2709 2032 2758 πολλὰ
2083 2710 2406 2758 συντιθέναι
2466 2712 2592 2774 νοή-

1843 2817 1991 2860 ματα
2044 2800 2125 2855 εῖς
2171 2800 2230 2847 ἕν
2284 2829 2345 2836 -
2402 2802 2481 2863 ὑφ’
2526 2802 2592 2847 ὧν

1851 2890 2083 2954 ἀσαφὲς
2112 2890 2303 2953 γίγνεται
2335 2890 2387 2937 τὸ
2419 2891 2591 2956 βραχύ.

1851 2983 1922 3029 cf.
1959 2998 2068 3043 pag.
2106 2983 2227 3042 869,
2264 2982 2380 3042 943,
2417 2997 2491 3044 ep.
2530 2982 2590 3028 ad

1852 3077 2008 3119 Amm.
2044 3074 2100 3119 II.
2137 3088 2184 3133 p.
2225 3072 2337 3119 792.

1848 3163 1943 3210 iud.
1983 3163 2041 3210 de
2073 3143 2237 3210 Thac..
2258 3180 2305 3226 p.
2332 3163 2429 3211 897
2467 3162 2591 3226 φέρε

1846 3254 1936 3316 γὰρ
1971 3253 2136 3316 ὥσπερ
2177 3254 2234 3302 ἐκ
2268 3258 2420 3319 πηγῆς
2452 3254 2591 3302 πλου-

1847 3345 1951 3400 σίας
1980 3344 2174 3406 ἄπειρόν
2210 3361 2248 3392 τι
2274 3350 2436 3411 χρῆμα
2467 3361 2591 3408 νοη-

1840 3437 2029 3497 μάτων
2065 3435 2140 3484 καὶ
2172 3435 2589 3501 ἐνθυμημάτων.

1849 3528 1921 3576 Cf.
1957 3543 2030 3589 ep.
2067 3531 2128 3576 ad
2160 3531 2326 3590 Pomp.
2360 3543 2407 3589 p.
2442 3527 2553 3575 777.
