2799 3723
440 835 534 922 De
565 873 663 917 vita
695 869 984 930 Thucydidis
1020 870 1235 930 quamvis
1267 883 1429 916 omnes
1461 871 1559 915 fere
1593 872 1682 916 viri
1714 871 1853 929 docti,
1889 875 1935 917 et
1967 872 2046 930 qui
2076 874 2223 916 totam
2259 871 2583 930 quaestionem

235 964 486 1011 absolvere
525 962 680 1007 conati
717 966 824 1006 sunt
860 964 905 1005 et
939 961 1019 1020 qui
1054 974 1159 1006 eam
1194 961 1244 1005 in
1278 964 1552 1005 transcursu
1587 965 1768 1005 tantum
1805 961 2084 1019 adtigerunt,
2122 975 2290 1020 parum
2323 962 2439 1007 certi
2473 974 2583 1006 con·

232 1058 359 1100 stare
395 1053 717 1110 consentiant,
754 1054 912 1096 tamen
949 1049 1008 1095 de
1044 1051 1335 1110 singularum
1369 1065 1527 1095 rerum
1564 1050 1654 1095 fide
1691 1054 1870 1095 tantum
1905 1065 1999 1097 non
2037 1053 2248 1096 omnium
2284 1051 2579 1097 dissentiunt.

230 1142 355 1190 Nam
389 1141 467 1188 vel
503 1155 561 1187 ea
599 1155 721 1201 quae
754 1141 885 1187 nullo
922 1141 997 1186 vel
1038 1154 1186 1201 parvo
1223 1139 1434 1187 dissensu
1478 1140 1651 1187 tradita
1685 1145 1793 1185 sunt
1834 1144 2068 1201 accipiunt
2112 1143 2192 1187 alii
2236 1148 2286 1187 ut
2320 1156 2457 1201 vera,
2500 1143 2581 1188 alii

231 1237 282 1277 ut
314 1233 438 1277 falsa
473 1231 743 1291 repudiant,
778 1233 898 1276 sicut
931 1230 1159 1277 Herodoti
1194 1232 1380 1277 cuidam
1415 1232 1683 1277 recitationi
1718 1230 2042 1290 Thucydidem
2081 1232 2347 1279 interfuisse
2382 1245 2583 1293 puerum

233 1338 337 1372 cum
374 1326 554 1385 negent
586 1322 897 1369 Heilmannus
917 1320 965 1381 ¹),
1003 1321 1163 1381 Poppo
1185 1316 1248 1383 2),
1283 1321 1524 1368 Haackius
1544 1318 1611 1382 3),
1648 1320 1895 1368 Goellerus
1916 1317 1978 1384 ⁴),
2016 1320 2286 1369 Classenius
2308 1318 2369 1382 5),
2404 1320 2482 1368 vel
2515 1322 2582 1367 ita

231 1415 387 1476 potius
431 1418 482 1460 ut
515 1412 654 1460 ‘credi
699 1413 847 1473 possit
886 1411 1108 1459 traditum
1151 1425 1254 1458 esse
1295 1417 1491 1471 negent,
1535 1412 1808 1471 Kruegerus
1830 1409 1866 1473 ὃ)
1912 1427 1998 1472 pro
2042 1402 2166 1459 veris
2213 1404 2583 1459 habendffcon-

232 1502 394 1550 tendit.
467 1502 630 1548 Minus
667 1502 808 1547 etiam
843 1501 910 1547 ibi
945 1506 1126 1547 certare
1162 1514 1242 1547 eos
1277 1502 1477 1559 mireriS,
1514 1500 1593 1546 ubi
1630 1506 1868 1547 certarunt
1900 1503 1997 1547 iam
2034 1507 2232 1548 veteres.
2291 1503 2362 1548 Ita
2397 1503 2579 1548 exulem

231 1592 364 1641 Olori
400 1593 546 1639 filium
593 1593 675 1638 alii
718 1594 767 1637 in
809 1591 1036 1651 Thracia,
1079 1592 1159 1637 alii
1201 1593 1249 1637 in
1290 1592 1618 1652 Peloponneso
1661 1605 1749 1637 nec
1791 1605 1887 1638 non
1929 1594 1976 1637 in
2018 1592 2156 1638 Italia
2196 1596 2434 1638 versatum
2478 1606 2581 1639 esse

232 1684 545 1742 arbitrantur,
594 1682 675 1728 alii
711 1682 806 1727 alia
839 1685 1050 1727 veterum
1085 1682 1354 1726 testimonia
1391 1687 1652 1741 sequentes.
1725 1682 1946 1726 Similiter
1984 1681 2171 1742 quando
2215 1687 2352 1727 natus
2388 1683 2447 1727 sit
2482 1697 2577 1727 am-

233 1774 410 1832 bigunt.
479 1772 766 1833 Pamphilae
810 1772 935 1817 enim
979 1771 1104 1831 quod
1141 1771 1265 1832 apud
1311 1771 1512 1818 Gellium
1555 1777 1679 1817 noct.
1724 1777 1802 1817 att.
1839 1771 1870 1817 l.
1909 1772 1973 1818 15
2011 1787 2049 1817 c.
2089 1772 2152 1818 13
2197 1776 2346 1818 exstat
2379 1774 2582 1818 testimo·

229 1865 360 1910 nium
402 1864 548 1908 secuti
590 1863 899 1908 Heilmannus
934 1862 965 1908 1.
1002 1862 1032 1907 l.
1070 1877 1116 1922 p.
1153 1862 1279 1921 LIII,
1322 1863 1487 1923 Poppo
1540 1864 1571 1908 l.
1608 1863 1638 1908 l.
1677 1879 1721 1923 p.
1762 1863 1820 1908 21
1868 1862 2125 1909 Grauertus
2150 1862 2209 1922 7),
2261 1862 2501 1908 Wuttkius
2521 1859 2582 1922 8),
2632 1889 2635 1891 -

228 1953 286 2000 Ο.
324 1954 580 1999 Muellerus
601 1950 663 2012 9),
707 1953 953 1999 Goellerus
990 1954 1018 1997 l.
1054 1954 1084 1997 l.
1123 1966 1167 2013 p.
1205 1953 1286 2011 11,
1324 1952 1591 1999 Classenius
1627 1954 1657 1998 l.
1689 1954 1719 1997 l.
1757 1968 1802 2013 p.
1841 1953 1905 1998 14
1947 1952 2272 2011 Thucydidem
2319 1968 2442 1999 anno
2479 1953 2574 1999 471

227 2048 392 2089 natum
428 2043 517 2089 sibi
551 2047 913 2103 persuaserunt,
950 2042 1221 2102 Kruegerus
1255 2043 1286 2088 1.
1312 2043 1343 2088 l.
1379 2058 1423 2103 p.
1464 2044 1493 2090 6
1530 2057 1659 2103 seqq.
1695 2048 1740 2089 et
1776 2057 1880 2088 cum
1917 2057 1972 2089 eo
2010 2041 2354 2102 Ullrichiusffl),
2391 2043 2581 2090 Schoel·

227 2136 317 2181 lius
343 2130 425 2196 ¹¹),
472 2133 726 2179 Boehmius
754 2130 804 2192 ¹²)
857 2137 964 2193 post
1004 2133 1232 2178 habentes
1277 2133 1575 2191 Pamphilam
1617 2133 1892 2178 Marcellino
1935 2135 2099 2190 viginti
2151 2135 2251 2178 fere
2295 2139 2401 2192 post
2444 2137 2580 2179 annis

227 2229 391 2271 natum
431 2224 718 2282 existimant,
764 2222 874 2268 dum
909 2223 1151 2268 Roschero
1177 2219 1227 2281 ¹3)
1268 2228 1313 2268 et
1348 2224 1529 2268 Blassio
1557 2221 1612 2284 ¹4)
1661 2229 1877 2268 neutrum
1914 2226 2229 2268 testimonium
2274 2240 2303 2268 a
2339 2224 2429 2268 fide
2464 2228 2578 2269 satis

226 2317 459 2361 munitum
502 2315 702 2360 videtur.
773 2315 847 2360 De
890 2320 1040 2359 morte
1077 2320 1256 2375 autem,
1302 2329 1395 2375 qua
1428 2315 1609 2359 nullam
1654 2315 1796 2358 aliam
1840 2318 2163 2374 quaestionem
2208 2317 2359 2374 magis
2397 2320 2579 2361 contro·

226 2419 420 2451 versam
465 2405 593 2465 apud
635 2410 820 2450 veteres
863 2406 1026 2450 fuissev
1052 2410 1255 2466 constat,
1296 2405 1466 2450 mirum
1514 2410 1739 2465 quantum
1782 2407 2075 2451 consentiunt
2117 2411 2427 2467 recentiores,
2471 2421 2574 2455 cum

430 2626 454 2669 ¹)
480 2624 598 2660 Leben
622 2624 693 2659 und
717 2624 1075 2660 schriftstellerischer
1097 2624 1289 2659 Charakter
1314 2624 1373 2658 des
1390 2623 1609 2669 Thukydides
1633 2624 1668 2657 in
1687 2624 1795 2668 primo
1812 2624 1877 2657 vol.
1895 2625 2059 2658 versionis
2076 2626 2303 2669 germanicae,
2327 2636 2358 2670 p.
2378 2624 2427 2658 Ll
2446 2626 2575 2670 (1760).

427 2694 455 2736 ²)
479 2692 653 2728 Editionis
676 2693 817 2728 maioris
840 2693 907 2728 vol.
933 2692 952 2727 I
975 2694 1064 2738 part.
1089 2691 1107 2727 I
1132 2692 1229 2737 (anni
1257 2691 1357 2738 1821)
1382 2703 1413 2737 p.
1439 2691 1500 2740 25.Δ

426 2762 458 2804 ³)
484 2760 658 2794 Editionis
681 2760 825 2793 minoris
846 2759 1067 2826 gaackianae
1091 2759 1188 2803 (anni
1215 2758 1314 2801 1831)
1339 2770 1372 2804 p.
1397 2760 1427 2792 7.

429 2830 458 2872 ⁴)
483 2829 660 2862 Editionis
684 2829 855 2862 secundae
880 2829 977 2870 (anni
1004 2829 1104 2872 1846)
1128 2828 1195 2861 vol.
1221 2827 1239 2860 1
1263 2839 1295 2872 p.
1319 2828 1374 2861 43.

427 2897 455 2940 ⁸)
481 2895 523 2929 In
547 2897 764 2940 praefatione
788 2897 949 2930 editionis
972 2896 1280 2930 Weidmannianae
1305 2896 1401 2939 (anni
1427 2895 1528 2940 1873)
1553 2907 1586 2940 p.
1611 2895 1745 2929 XVIII.

425 2963 455 3006 θ)
480 2962 597 2998 Leben
623 2963 684 2998 des
707 2963 930 3010 Thukydides
957 2964 1052 2998 1832.
1100 2964 1276 2999 Kritische
1299 2962 1492 2998 Analekten
1516 2962 1535 2996 1
1562 2963 1642 2997 inde
1665 2975 1694 2997 a.
1721 2975 1793 3008 cap.
1818 2964 1849 2998 3.

427 3032 453 3075 ἵ)
478 3030 533 3066 De
555 3032 631 3066 vita
654 3032 851 3068 Marcellini
874 3033 911 3068 in
935 3033 1118 3069 Niebuhrii
1141 3035 1251 3069 musei
1273 3034 1416 3069 rhenani
1440 3034 1508 3068 vol.
1533 3033 1553 3068 1
1577 3034 1621 3076 (a.
1650 3032 1759 3078 1827).

422 3099 452 3141 ⁸)
477 3096 530 3133 De
554 3097 756 3145 Thucydide
779 3101 947 3145 scriptore
971 3101 1056 3136 belli
1078 3101 1373 3146 Peloponnesiaci,
1398 3101 1556 3144 (Vratisl.
1585 3102 1685 3145 1838)
1709 3113 1741 3146 p.
1767 3101 1820 3135 32.

423 3165 452 3209 ο)
477 3164 698 3202 Griechische
722 3167 1118 3214 Litteraturgcschiehte
1142 3169 1208 3214 (ed.
1233 3170 1254 3204 2
1277 3171 1359 3205 anni
1386 3170 1486 3215 1841)
1513 3170 1551 3205 II
1575 3182 1607 3215 p.
1633 3170 1709 3204 340.

425 3232 469 3277 ¹⁰)
492 3232 667 3269 Editionis
690 3234 951 3271 Teubnerianae
975 3236 1130 3282 (Lipsiae
1156 3237 1257 3282 1862)
1282 3247 1314 3282 p.
1340 3237 1401 3271 IX.

426 3301 467 3344 ¹¹)
489 3299 557 3335 Zur
579 3300 780 3347 Erklarung
802 3303 863 3338 des
887 3303 1108 3349 Thukydides
1131 3304 1171 3339 II
1195 3305 1393 3350 (Hamburg
1418 3307 1521 3352 1846)
1545 3320 1577 3353 p.
1603 3307 1656 3340 65.

424 3366 466 3412 ¹2)
490 3365 698 3414 Philologus
721 3369 775 3405 IX
797 3382 831 3417 p.
857 3370 932 3407 211.

425 3436 466 3481 ι3)
491 3434 621 3479 Leben‚
644 3436 751 3473 Werk
774 3438 845 3475 und
867 3438 1034 3476 Zeitalter
1056 3439 1117 3477 des
1142 3440 1363 3489 Thukydides
1387 3443 1596 3489 (Gottingen
1624 3443 1724 3488 1842)
1748 3453 1781 3488 p.
1807 3442 1860 3476 88.

424 3504 465 3550 ¹⁴)
489 3503 557 3539 Die
580 3505 730 3542 attische
753 3506 1016 3544 Beredsamkeit
1037 3519 1104 3545 von
1129 3509 1276 3555 Gorgias
1300 3510 1354 3546 bis
1377 3521 1417 3546 zu
1442 3511 1569 3558 Lysias
1593 3511 1735 3557 Leipzig
1760 3510 1846 3545 1868
1869 3521 1901 3556 p.
1931 3510 2002 3545 196.

2194 3579 2236 3612 l!
