2799 3723
1161 60 1680 107 —8—

236 191 401 239 tudine
435 194 609 239 mirum
646 199 717 240 est
751 199 1044 254 quantopere
1080 192 1359 240 dissentiant
1394 205 1518 252 quae
1553 192 1750 252 praebet
1783 187 1870 238 Mb
1906 190 1971 255 53
2006 188 2082 238 καὶ
2115 189 2322 247 ποικίλας
2354 191 2600 253 εξοωνείας

238 262 476 343 εἰσφέρων
517 279 593 329 καὶ
626 280 887 346 ἐρωτήσεις
921 280 1202 341 ποιούμενος
1234 296 1449 343 quaeque
1485 285 1670 328 exstant
1704 276 1789 326 Mc
1825 279 1889 328 56
1924 277 2036 327 οὔτε
2066 279 2158 341 γὰρ
2193 278 2452 341 εζοωνείαις
2484 282 2597 333 οὔτε
2638 301 2639 304 ’

239 369 545 433 ἐπιτιμήσεων
580 370 692 418 οὔτε
725 373 823 425 ταῖς
856 371 912 418 ἐκ
938 369 1125 430 πλαγίου
1156 371 1352 433 ῥήσεων
1386 368 1497 416 οὔτε
1530 368 1689 424 ἄλλαις
1720 368 1805 416 τισὶ
1837 369 2131 432 πανουργίαις
2162 370 2286 432 πρὸς
2312 371 2390 418 τὸν
2424 372 2597 434 ἀκροα-

240 459 319 521 τὴν
354 460 573 522 κέχρηται
617 463 925 522 quamobrem
969 463 1114 522 paulo
1155 467 1263 523 post
1304 462 1429 522 apud
1465 461 1668 506 eundem
1710 462 1927 506 tribuitur
1970 462 2238 523 Thucydidi
2278 461 2330 508 τὸ
2364 461 2596 510 ἄπλαστον

239 549 316 596 καὶ
348 549 698 613 ἀνηθοποέητον.
753 552 933 612 Quibus
968 554 1122 614 primo
1153 553 1345 614 quidem
1379 553 1541 599 obtutu
1576 564 1842 611 repugnare
1872 551 2058 598 videtur
2093 555 2234 601 etiam
2267 553 2384 601 illud
2417 552 2506 603 Mb
2532 557 2598 604 50

239 640 396 696 δεινὸς
428 641 486 687 δὲ
519 639 861 703 ἠθογραφῆσαι,
897 642 1024 702 quod
1059 643 1274 703 pluribus
1311 641 1480 687 deinde
1517 656 1557 687 c.
1597 643 1657 688 51
1697 645 1959 702 exponitur.
2019 643 2198 690 Verum
2234 645 2312 690 hic
2345 659 2442 691 non
2478 648 2599 693 sicut

239 733 332 778 illis
367 732 483 776 locis
521 730 581 775 de
617 732 911 777 orationibus
948 733 1104 792 agitur
1140 730 1474 791 Thucydideis,
1511 732 1680 791 quibus
1705 732 1927 791 Pericles,
1964 730 2127 791 Cleon,
2164 733 2454 792 Alcibiades,
2477 734 2598 781 The-

237 823 499 881 mistocles,
541 822 704 867 Nicias
740 837 851 867 suos
892 824 983 884 ipsi
1017 837 1175 868 mores
1211 837 1297 884 per
1333 828 1482 867 artem
1519 824 1760 884 scriptoris
1797 823 2106 883 patefaciant,
2148 823 2255 884 sed,
2292 824 2417 885 quod
2455 839 2597 886 quam

238 915 298 959 sit
333 913 599 970 diversum,
640 914 901 972 Dionysius
937 912 1076 958 docet
1115 915 1162 957 in
1199 912 1295 957 iud.
1334 911 1390 956 de
1427 912 1575 957 Thuc.
1612 927 1658 973 p.
1697 911 1819 969 923,
1862 913 1910 956 in
1945 915 2050 973 ipsa
2091 928 2250 959 rerum
2295 917 2597 962 enarratione

237 1002 543 1061 Thucydides
588 1005 762 1064 optime
814 1017 970 1049 mores
1013 1004 1317 1064 descripsisse
1361 1003 1649 1064 perbihetur.
1736 1005 1889 1064 Atque
1935 1004 2055 1049 haec
2097 1004 2288 1065 quidem
2328 1018 2492 1051 rursus
2535 1004 2597 1052 ad

237 1095 460 1152 Dionysii
496 1095 667 1137 referri
701 1100 901 1152 possunt
934 1093 1028 1138 iud.
1069 1093 1126 1138 de
1163 1093 1310 1138 Thuc.
1350 1107 1394 1152 p.
1436 1093 1557 1151 825,
1601 1094 1675 1138 ubi
1714 1093 1838 1138 idem
1875 1093 2233 1140 Atheniensium
2273 1094 2416 1141 duces
2451 1096 2598 1140 nomi-

239 1188 429 1241 nantur,
466 1183 557 1227 nisi
594 1182 718 1242 quod
758 1182 882 1242 apud
919 1183 1248 1228 Marcellinum
1285 1183 1620 1229 Demosthenis
1656 1182 1813 1228 locum
1850 1185 2098 1243 occupavit
2133 1183 2296 1231 Cleon.
2350 1183 2425 1231 Ad
2459 1184 2594 1229 illum

240 1279 396 1319 autem
435 1271 492 1318 de
530 1273 691 1332 figuris
735 1286 901 1318 sensus
938 1272 1064 1332 quod
1107 1273 1287 1320 adtinet
1322 1273 1608 1332 dissensum,
1653 1273 1857 1332 primum
1894 1273 2245 1320 animadvertas
2287 1274 2456 1333 velim,
2499 1289 2594 1320 non

237 1377 403 1408 omnes
442 1362 635 1408 easdem
675 1363 850 1422 figuras
888 1376 1014 1421 esse,
1059 1364 1228 1423 quibus
1267 1365 1413 1409 altero
1451 1362 1555 1408 loco
1594 1376 1633 1408 c.
1673 1363 1735 1409 53
1773 1377 1884 1409 usus
1921 1377 2049 1423 esse,
2092 1365 2240 1409 altero
2279 1377 2318 1410 c.
2357 1365 2421 1411 56
2458 1365 2596 1411 absti-

236 1454 397 1498 nuisse
423 1452 727 1511 Thucydides
753 1452 939 1513 dicitur,
976 1452 1059 1498 sed
1086 1454 1213 1500 solas
1250 1456 1475 1499 ironias
1512 1457 1712 1512 utroque
1736 1453 1841 1498 loco
1868 1453 2112 1514 adpellari,
2151 1468 2269 1514 quas
2293 1469 2390 1500 non
2419 1469 2597 1515 paucas

235 1546 283 1589 in
337 1544 630 1589 orationibus
681 1521 1002 1602 Thucydideis
1064 1545 1267 1589 inveniri
1330 1552 1375 1589 et
1420 1550 1603 1589 veteres
1657 1543 1953 1603 adgnoscunt
2003 1546 2282 1605 interpretes
2337 1551 2383 1590 et
2435 1558 2597 1590 recen-

236 1635 405 1691 tiores,
451 1633 621 1679 deinde
658 1647 814 1693 neque
850 1633 948 1678 illic
983 1634 1158 1680 multus
1195 1636 1243 1680 in
1281 1635 1346 1679 eis
1382 1634 1526 1679 fuisse
1568 1632 1760 1692 dicitur,
1803 1639 1849 1678 et
1888 1634 1965 1679 hic
2000 1633 2156 1680 nullus
2199 1633 2389 1695 quidem
2433 1648 2597 1680 earum

234 1737 347 1769 usus
384 1725 618 1782 statuitur,
655 1723 738 1768 sed
776 1725 981 1784 aliquem
1018 1733 1176 1770 tamen
1215 1724 1408 1771 concedi
1444 1725 1520 1769 vel
1554 1723 1663 1771 inde
1697 1723 1924 1782 conligas,
1959 1724 2086 1784 quod
2120 1739 2216 1771 non
2241 1731 2434 1786 propter
2468 1726 2598 1785 igno-

234 1813 441 1858 rantiam
478 1813 545 1858 eis
583 1826 747 1858 carere
784 1812 973 1872 dicitur,
1017 1813 1099 1859 sed
1137 1813 1261 1874 quod
1298 1828 1327 1859 a
1362 1814 1581 1873 Periclis,
1631 1812 1926 1871 Archidami,
1968 1813 2156 1872 Niciae,
2200 1813 2455 1873 Brasidae,
2500 1828 2598 1860 ma·

236 1917 438 1963 gnorum
476 1903 663 1948 illorum
702 1908 748 1947 et
782 1904 1097 1962 ingenuorum
1135 1904 1345 1948 virorum
1388 1909 1560 1950 natura
1597 1905 1779 1950 alienas
1817 1917 1920 1950 esse
1955 1903 2245 1950 iudicaverit.
2319 1904 2423 1964 Quo
2458 1905 2597 1950 tacite

234 1995 421 2041 videtur
457 1992 655 2040 concedi
683 1991 859 2040 Cleone
898 2009 1003 2040 eum
1043 1998 1089 2040 et
1114 1993 1422 2053 Athenagora
1458 1999 1504 2039 et
1527 1993 1773 2041 Alcibiade
1809 2008 1905 2040 non
1941 1995 2053 2040 item
2089 1993 2307 2054 indignas
2342 1995 2450 2041 illas
2487 1995 2598 2054 figu-

235 2100 314 2132 ras
353 2087 667 2144 existimasse,
714 2083 1112 2144 quemadmodum
1151 2083 1497 2141 Steinbergium
1534 2098 1719 2144 quoque
1773 2085 2014 2144 (Beitrage
2051 2100 2135 2129 zur
2171 2084 2474 2144 Wiirdigung
2511 2083 2595 2129 der

235 2175 690 2236 Thukydideischen
721 2174 882 2221 Reden
922 2176 970 2220 in
1003 2174 1253 2221 annalibus
1291 2176 1526 2234 gymnasii
1558 2173 1825 2221 Guilelmici
1863 2175 2069 2221 Berolini
2103 2174 2235 2221 1870
2269 2190 2316 2235 p.
2350 2174 2437 2231 22)
2474 2175 2597 2220 Mar-

236 2268 392 2313 cellini
429 2267 578 2312 verba
612 2266 900 2311 intellexisse
936 2264 1091 2311 video.

439 2357 609 2402 Tribus
645 2357 785 2414 igitur
818 2356 1080 2401 Marcellini
1118 2356 1234 2401 locis
1273 2368 1393 2413 quae
1437 2354 1494 2399 de
1532 2368 1676 2414 opere.
1701 2354 2009 2413 Thucydideo
2047 2356 2258 2414 exposita
2292 2355 2596 2400 inveniuntur

235 2452 362 2493 certe
400 2445 520 2491 adeo
558 2445 730 2490 similia
767 2451 890 2503 sunt,
927 2450 976 2489 ut
1011 2445 1193 2504 possint
1228 2458 1285 2488 ex
1320 2442 1491 2488 eodem
1527 2444 1654 2489 fonte
1691 2450 1794 2489 orta
1832 2457 1961 2502 esse,
2001 2457 2141 2503 quem
2176 2458 2270 2490 non
2307 2445 2463 2504 ipsum
2500 2444 2596 2503 qui-

235 2537 343 2582 dem
380 2538 666 2595 Dionysium
705 2535 787 2581 sed
824 2537 1063 2581 rhetorem
1101 2535 1308 2593 aliquem
1344 2530 1578 2593 Dionysio
1614 2536 1924 2594 posteriorem
1969 2535 2113 2579 fuisse
2149 2535 2370 2580 conicias.

436 2627 537 2672 Iam
573 2640 688 2672 vero
733 2632 782 2671 ut
828 2639 950 2687 quae
993 2625 1050 2670 de
1088 2626 1184 2670 vita
1226 2638 1414 2685 quoque
1459 2623 1747 2683 Thucydidis
1790 2624 1939 2670 tribus
1983 2625 2099 2670 locis
2143 2622 2455 2686 praecedunt,
2499 2637 2596 2668 non

236 2718 552 2777 repugnantia
590 2730 693 2762 esse
731 2716 1096 2774 demonstretur,
1131 2730 1227 2760 non
1263 2714 1437 2760 nullius
1473 2715 1699 2759 momenti
1734 2713 1935 2773 videtur,
1975 2714 2100 2775 quod
2136 2729 2256 2760 unus
2293 2715 2373 2774 qui
2407 2719 2598 2774 praeter

233 2809 522 2867 Dionysium
559 2808 696 2862 (nam
722 2807 929 2866 Asclepii
966 2807 1065 2851 sive
1092 2803 1387 2864 Asclepiadis
1424 2803 1482 2848 de
1507 2804 1736 2850 librorum
1774 2820 1973 2850 numero
2011 2804 2234 2850 iudicium
2258 2801 2343 2849 Mc
2369 2804 2433 2851 58
2464 2818 2599 2865 prae-

234 2900 492 2944 termittere
529 2895 660 2953 licet)
698 2895 756 2941 ad
790 2896 946 2941 locum
985 2894 1043 2940 de
1080 2895 1267 2941 dicendi
1303 2907 1476 2953 genere
1511 2894 1859 2940 inlustrandum
1896 2900 2059 2941 auctor
2095 2894 2345 2941 adhibetur
2377 2894 2599 2953 Antyllus

236 3004 275 3034 c.
312 2989 391 3046 36,
428 2986 603 3033 Suidae
638 2987 734 3044 ille,
772 2991 822 3030 ut
850 2987 1056 3030 Ritterus
1091 2985 1122 3029 1.
1158 2985 1188 3029 1.
1226 2999 1272 3044 p.
1299 2984 1364 3029 13
1401 2990 1576 3043 censet,
1613 2999 1670 3030 ex
1705 2985 1982 3030 Marcellino
2018 2990 2180 3031 nostro
2217 2990 2372 3044 notus,
2408 2989 2601 3045 praeter

236 3077 432 3125 Suidam
474 3078 678 3136 nemini,
722 3075 847 3122 idem
891 3077 937 3121 in
975 3077 1071 3122 vita
1115 3073 1387 3123 enarranda
1429 3075 1560 3122 testis
1603 3076 1773 3122 citatur
1818 3087 1912 3122 non
1954 3075 2001 3122 in
2044 3075 2201 3135 prima
2240 3078 2422 3122 tantum
2464 3077 2600 3133 parte

235 3182 274 3215 c.
315 3166 376 3214 22
422 3165 505 3214 sed
543 3167 682 3214 etiam
725 3168 774 3213 in
812 3167 950 3213 tertia
994 3181 1033 3213 c.
1073 3166 1160 3225 55,
1207 3170 1256 3213 ut
1291 3165 1416 3212 hunc
1459 3165 1755 3224 potissimum
1795 3164 2072 3212 Marcellino
2117 3166 2222 3213 usu'i
2266 3165 2412 3213 fuisse
2454 3167 2602 3224 suspi-

236 3259 376 3315 ceris,
414 3258 546 3302 cuius
582 3259 862 3317 praesertim
901 3271 1075 3302 nomen
1113 3273 1152 3302 c.
1184 3259 1247 3303 55
1285 3272 1388 3302 cum
1427 3248 1656 3316 singulari
1693 3255 1896 3314 quadem
1933 3258 1975 3301 vi
2002 3258 2272 3316 proferatur
2306 3255 2430 3300 καθά
2465 3270 2601 3316 φησιν

226 3343 459 3399 Ἄντυλλος
498 3345 764 3400 ἀξιόπιστος
802 3346 922 3410 ἀνὴρ
959 3350 1252 3411 μαρτυρῆσαι
1292 3346 1366 3392 καὶ
1400 3344 1599 3406 ἱστορίαν
1641 3347 1806 3407 γνῶναι
1850 3343 1924 3390 καὶ
1957 3344 2139 3398 διδάξαι
2173 3345 2332 3399 δεινός
2376 3352 2423 3392 et
2458 3360 2498 3391 c.
2538 3343 2599 3389 22

233 3435 369 3498 φησὶν
405 3437 432 3482 ὁ
457 3432 696 3490 Ἄντυλλος
731 3436 946 3497 adposito
984 3438 1200 3497 articulo,
1236 3437 1362 3499 quod
1398 3442 1589 3498 praeter
1626 3437 1752 3482 hunc
1787 3438 1869 3482 uni
1905 3438 2099 3497 contigit
2124 3436 2383 3497 Hermippo
2420 3439 2467 3481 et
2492 3436 2603 3481 huic

232 3526 423 3586 quidem
460 3531 509 3571 ut
554 3532 822 3586 opponatur
863 3527 943 3572 alii
980 3540 1019 3572 c.
1062 3527 1140 3574 18.
1213 3529 1367 3587 Atque
1402 3526 1677 3585 Kruegerus
1718 3526 1839 3572 Krit.
1878 3525 2147 3572 Analekten
2189 3541 2237 3587 p.
2277 3524 2339 3572 32
2382 3526 2423 3572 si
2457 3531 2602 3584 recte,
