2799 3723
1140 81 1663 128 ——12—

213 230 407 276 namur,
440 216 523 263 ubi
548 215 608 264 de
631 217 927 277 malignitate
949 215 1240 276 Thucydidis
1265 216 1529 277 exponitur,
1554 214 1666 263 inde
1690 228 1720 262 a
1745 228 1787 261 c.
1811 214 1847 263 4
1879 210 1956 260 καὶ
1987 210 2067 260 διὰ
2099 213 2237 261 τοῦτο
2271 211 2413 261 δοκεῖ
2439 212 2590 262 πολλὰ

207 306 484 369 χαρίζεσθαι
521 306 610 368 μὲν
644 304 1043 366 Λακεδαιμονίοις,
1094 307 1366 368 κατηγορεῖν
1399 304 1458 351 δὲ
1493 300 1743 367 Ἀθηναίων
1789 302 1870 366 τὴν
1903 301 2146 363 τυραννίδα
2191 299 2269 348 καὶ
2306 301 2589 362 πλεονεξίαν,

215 399 442 446 victorias
480 400 669 445 auxisse
692 396 1198 456 Lacedaemoniorum,
1235 397 1395 443 clades
1420 397 1799 454 Atheniensium,
1835 408 1929 455 qua
1964 394 2145 440 invidia
2174 395 2309 442 illum
2331 396 2589 444 Athenien·

219 504 296 537 ses
330 494 526 552 propter
561 489 751 536 exilium
792 492 1091 548 persecutum
1128 502 1232 535 esse
1268 492 1433 535 contra
1476 485 1665 547 quidem
1702 499 1757 531 ac
1792 480 1885 531 Ma
1922 485 1986 532 26
2021 484 2104 532 sed
2141 488 2439 534 consentiens
2476 500 2585 534 cum

221 576 305 626 Mb
339 579 405 626 46
441 578 674 625 adfirmat.

421 668 660 727 Quotquot
711 669 853 727 igitur
906 673 1092 715 exstant
1142 670 1268 714 vitae
1312 668 1652 727 Thucydideae
1697 683 1793 714 non
1829 667 1892 714 ad
1927 667 2140 714 diversos
2176 666 2261 714 sed
2297 667 2358 714 ad
2393 667 2589 715 eosdem

219 763 436 804 auctores
472 757 750 804 referendas
787 771 891 804 esse
937 763 1117 804 certum
1154 766 1245 817 est,
1291 760 1493 805 fortasse
1528 761 1671 805 etiam
1717 763 1972 819 propterea
2014 758 2139 818 quod
2183 757 2385 804 duarum
2428 773 2590 805 rerum

219 861 479 908 earumque
521 852 569 893 et
611 849 980 895 certissimarum
1022 863 1178 909 neque
1231 863 1347 896 sane
1390 850 1568 896 levium
1611 865 1701 910 par
1744 852 1791 895 in
1847 850 2081 896 omnibus
2117 850 2378 911 silentium3
2435 864 2592 912 neque

219 939 345 984 enim
381 942 514 998 peste
548 939 704 999 ipsum
740 953 927 1001 quoque
963 939 1290 1000 Thucydidem
1326 940 1588 997 laborasse,
1623 953 1779 1000 neque
1814 939 2031 987 Oeuobio
2069 955 2193 1002 eum,
2229 940 2355 1002 quod
2390 944 2588 988 testatur

218 1019 485 1076 Pausanias
530 1030 578 1088 1,
623 1029 703 1088 23,
747 1032 830 1089 11,
873 1030 1076 1076 reditum
1117 1032 1165 1076 in
1208 1033 1412 1091 patriam
1467 1030 1687 1076 debuisse
1730 1031 1778 1074 in
1821 1030 1920 1075 ulla
1972 1043 2136 1077 earum
2190 1036 2586 1079 conmemoratur.

220 1119 522 1179 Quamquam
559 1133 682 1179 quae
716 1121 805 1166 fuit
840 1120 898 1166 de
933 1121 1091 1166 multis
1144 1122 1193 1166 in
1237 1122 1335 1165 vita
1378 1118 1672 1179 Thucydidis
1707 1119 1850 1164 rebus
1886 1120 2162 1180 opinionum
2202 1123 2409 1168 varietas
2446 1104 2586 1168 etde

220 1221 366 1267 opere
400 1208 682 1255 iudiciorum
719 1210 1038 1271 discrepantia
1073 1225 1169 1256 non
1205 1216 1458 1270 potuerunt
1499 1226 1597 1257 non
1642 1212 1713 1257 bis
1751 1217 1880 1255 terve
1917 1211 2250 1270 epitomatores
2286 1211 2406 1256 alius
2443 1213 2587 1257 aliam

221 1299 492 1357 opinionem
530 1301 679 1359 sequi.

423 1387 708 1450 conparatis
746 1404 849 1439 cum
890 1392 964 1439 his
1000 1404 1123 1453 quae
1160 1391 1287 1453 apud
1324 1392 1443 1439 alios
1480 1392 1734 1453 scriptores
1770 1404 1865 1438 non
1913 1390 2061 1438 multa
2095 1393 2273 1453 passim
2309 1391 2368 1440 de
2403 1392 2590 1455 Thucy·

224 1482 345 1528 didis
381 1483 478 1528 vita
515 1487 698 1529 exstant
732 1484 1019 1543 testimonia,
1055 1484 1172 1531 nihil
1209 1485 1422 1531 invenies
1460 1482 1586 1544 quod
1627 1482 1929 1530 Marcellinus
1964 1483 2040 1530 vel
2074 1483 2294 1544 Antyllus
2330 1485 2405 1531 vel
2440 1483 2590 1545 Didy-

222 1590 328 1622 mus
364 1576 752 1636 praetermiserit,
789 1575 870 1621 sed
909 1574 1101 1622 eosdem
1139 1577 1212 1623 his
1250 1589 1367 1636 quos
1402 1575 1494 1621 illis
1531 1575 1683 1620 fontes
1718 1575 1941 1633 patuisse.

428 1665 628 1713 Generis
672 1666 966 1712 nobilitatem
1012 1667 1258 1728 adgnoscit
1301 1667 1466 1714 Cicero
1514 1668 1563 1712 in
1604 1666 1749 1711 Bruto
1787 1678 1827 1710 c.
1865 1663 1946 1723 11,
1982 1664 2047 1711 43
2090 1660 2380 1726 Thucydidis
2426 1664 2510 1726 qui
2549 1672 2591 1711 et

226 1754 529 1802 Athmziensis
564 1763 664 1801 erac
699 1763 738 1801 et
773 1772 955 1802 summo
991 1756 1082 1803 loco
1117 1765 1268 1810 natus,
1306 1756 1551 1817 praedicat
1590 1756 1889 1815 Aphthonius
1925 1757 1971 1800 in
2009 1770 2258 1815 progymn.
2298 1756 2423 1816 apud
2455 1758 2585 1804 Wal-

223 1851 348 1895 zium
384 1848 403 1892 I
439 1862 482 1906 p.
524 1847 588 1893 88
624 1847 871 1907 προγόνοις
896 1846 986 1908 μὲν
1015 1847 1278 1913 βασιλεῦσιν
1314 1846 1561 1910 ἐχρήσατο,
1598 1860 1738 1906 quem
1776 1851 2118 1892 commentatur
2151 1848 2427 1909 Doxopater
2462 1849 2587 1909 apud

224 1941 462 1986 Walzium
497 1940 540 1984 ΙΙ
575 1953 621 1998 p.
658 1938 760 1984 424
789 1937 881 1983 ἀπὸ
906 1938 963 1984 δὲ
987 1938 1229 1999 προγόνων
1265 1937 1332 1983 ὅτι
1367 1936 1460 1982 ἀπὸ
1485 1934 1728 1982 Μιλτιάδου
1765 1933 1841 1980 καὶ
1874 1933 2087 1995 Κιμωνος
2117 1934 2304 1998 γέγονεν
2335 1936 2595 1998 ἁπέγγονος

222 2032 313 2075 τῶν
350 2027 610 2088 εὐδοκίμων
636 2031 915 2090 στρατηγῶν,
947 2028 1041 2075 ἀπὸ
1065 2027 1123 2074 δὲ
1149 2026 1360 2088 πατέρων
1397 2026 1465 2073 ὅτι
1484 2023 1684 2086 Ὀλόρου
1719 2023 1774 2088 ἦν
1812 2023 1913 2080 υἱός·
1946 2033 1993 2072 et
2027 2042 2072 2088 p.
2109 2027 2231 2087 4393
2267 2029 2378 2074 item
2413 2028 2594 2074 Plutar-

225 2120 341 2166 chus
376 2120 425 2165 in
461 2120 559 2166 vita
596 2118 804 2167 Cimonis
840 2119 881 2167 'c.
919 2120 952 2168 4
986 2119 1084 2174 τοῖς
1128 2116 1235 2179 περὶ
1275 2115 1462 2179 Κιμωνα
1498 2116 1752 2180 προσήκων
1785 2113 1985 2177 ’θλόρου
2014 2132 2065 2164 τε
2101 2116 2276 2178 πατρὸς·
2317 2115 2372 2181 ἦν
2415 2115 2487 2171 εἷς·
2518 2117 2593 2166 τὸν

225 2208 453 2269 πρόγονον
490 2208 810 2270 ἀναφέροντος
842 2210 919 2272 τὴν
951 2208 1225 2271 ὁμωνυμίαν,
1262 2224 1384 2269 quae
1408 2212 1559 2269 magis
1586 2212 1727 2255 etiam
1754 2224 1896 2268 quam
1922 2210 2184 2270 Doxopatri
2214 2211 2298 2255 illa
2323 2212 2596 2270 conspirant

225 2317 331 2349 cum
374 2303 505 2348 hisce
552 2302 813 2348 Marcellini
851 2317 890 2348 c.
938 2303 964 2348 2
1005 2298 1205 2361 Ὀλόρου
1248 2299 1336 2360 μὲν
1378 2299 1589 2362 προῆλθε
1630 2297 1805 2358 πατρὸς
1848 2297 1925 2360 τὴν
1972 2297 2230 2358 ἐπωνυμίαν
2271 2295 2464 2361 ἔχοντος
2502 2298 2594 2345 ἀπὸ

219 2386 412 2450 Ὀλόρου
448 2393 530 2438 τοῦ
565 2390 762 2452 θρᾳκῶν
795 2392 1032 2456 βασιλέως·
1054 2421 1116 2430 -
1147 2421 1205 2428 -
1234 2391 1468 2452 ἀπόγονος·
1501 2390 1556 2436 δὲ
1583 2416 1642 2424 --
1678 2416 1733 2422 —-
1761 2392 1851 2435 τῶν
1879 2387 1985 2448 περὶ
2019 2387 2259 2451 Μιλτιάδην
2295 2387 2371 2436 καὶ
2391 2387 2590 2449 Κᾲιωνα.

435 2484 648 2527 Aetatem
686 2484 940 2542 Pamphila.
982 2483 1106 2543 apud
1144 2483 1350 2529 Gellium
1387 2483 1476 2538 15,
1525 2480 1586 2524 23
1624 2481 1689 2523 ita
1724 2480 1872 2523 fertur
1915 2481 2359 2539 circumscripsisse:
2417 2477 2589 2524 Hella-

227 2570 372 2621 nicus,
412 2568 702 2622 Herodotus,
747 2569 1040 2634 Thucydides
1074 2571 1293 2617 historiae
1333 2570 1576 2632 scriptores
1611 2569 1661 2612 in
1698 2567 1861 2612 iisdem
1884 2568 1994 2630 fere
2028 2568 2308 2630 temporibus
2341 2568 2479 2615 laude
2512 2569 2590 2615 in-

224 2661 358 2721 9enti
387 2661 665 2723 floruerunt
705 2668 747 2706 et
789 2677 887 2707 non
929 2662 1072 2708 nimis
1114 2662 1246 2724 Ionye
1288 2659 1561 2707 distantibus
1590 2658 1800 2722 fuerunt
1839 2657 2072 2706 aetatibus.
2143 2657 2276 2705 Nam
2310 2657 2594 2707 Hellanicus

230 2749 364 2796 initio
401 2749 507 2796 belli
527 2747 910 2812 Peloponnesiaci
931 2751 1084 2814 fuisse
1109 2749 1276 2798 LXV
1303 2765 1452 2797 annos
1486 2755 1625 2795 natus
1660 2746 1857 2800 videtur,
1897 2745 2167 2796 Herodotus
2200 2746 2361 2803 LIH,
2404 2745 2592 2814 Ulucy-

230 2839 360 2888 dides
393 2837 516 2894 XL,
561 2856 683 2902 quae
720 2841 944 2902 definitio,
982 2858 1087 2890 cum
1126 2848 1171 2890 et
1205 2856 1429 2890 numerus
1467 2842 1525 2887 sit
1561 2839 1787 2887 rotundus
1825 2845 1870 2886 et
1907 2840 1967 2886 ad
2001 2842 2186 2888 initium
2218 2842 2329 2888 belli
2364 2843 2594 2903 Pelopon-

198 2933 409 2982 ,nesiaci
448 2932 529 2976 fiat
553 2935 844 2992 conputatio,
880 2949 975 2978 non
1003 2934 1097 2978 alio
1133 2935 1440 2979 fundamento
1478 2945 1583 2976 eam
1620 2933 1703 2975 niti
1743 2937 1856 2989 puto
1893 2945 2034 2990 quam
2061 2932 2236 2977 Suidae
2270 2933 2386 2977 illud
2422 2931 2595 2994 ἤκμαζε

231 3021 345 3066 κατὰ
385 3021 462 3084 τὴν
506 3019 581 3074 n(
627 3022 887 3082 ὀλυμπιάδα
929 3025 1006 3069 vel
1041 3026 1235 3071 Eusebii
1286 3027 1335 3071 in
1380 3024 1596 3070 editionis
1651 3023 1979 3069 Schoenianae
2025 3023 2117 3068 vol.
2165 3024 2205 3069 Π
2248 3038 2293 3085 p.
2339 3024 2438 3070 108
2492 3022 2596 3069 τότε

232 3113 286 3167 (i.
326 3125 366 3156 e.
406 3125 511 3157 cum
554 3114 700 3174 pestis
737 3114 950 3160 Athenas
994 3114 1241 3161 invaderet
1282 3115 1368 3161 sub
1404 3114 1588 3160 initium
1635 3111 1744 3158 belli
1781 3112 2174 3173 Peloponnesiaci
2216 3111 2268 3159 ὃν
2308 3111 2600 3174 Θουκυόιοδςς

232 3200 501 3265 συνέγραψε
537 3207 588 3247 ut
611 3203 772 3262 paullo
808 3208 917 3249 ante
948 3206 1174 3266 scriptum
1211 3203 1337 3266 apud
1361 3203 1642 3257 Eusebium)
1679 3199 1755 3247 καὶ
1783 3200 2073 3265 θουκυὸίόης
2105 3203 2132 3250 ὁ
2162 3201 2460 3266 συγγραφεὺς
2490 3202 2597 3262 παρ’

227 3287 481 3355 Ἀθηναίοις·
519 3290 712 3354 ἤκμαζε,
765 3294 841 3339 vel
883 3293 1085 3356 denique
1127 3296 1426 3356 Aphthonius
1471 3307 1593 3353 quae
1642 3294 1830 3354 scripsit
1874 3294 1904 3340 l.
1940 3295 1970 3341 l.
2019 3294 2089 3348 ὡς
2121 3293 2178 3341 δὲ
2213 3329 2225 3341 .
2262 3329 2273 3341 .
2311 3293 2381 3350 εἷς
2420 3293 2600 3354 ἄνδρας

235 3380 426 3443 ἀφίκετο
463 3380 612 3443 ἐζήτει
646 3380 807 3441 καιρὸν
843 3381 912 3434 εἰς·
946 3382 1186 3442 ἐπίδειξιν,
1229 3385 1295 3431 ὧν
1330 3383 1488 3436 καλῶς·
1521 3382 1850 3444 προησκήσατο
1886 3381 1961 3428 καὶ
1994 3383 2105 3447 ταχὺ
2150 3384 2383 3448 παρέσχεν
2418 3386 2449 3448 ἡ
2484 3385 2596 3448 τύχη

233 3469 312 3517 τὸν
351 3470 566 3530 πόλεμον,
604 3486 726 3531 quae
757 3472 964 3518 medium
1001 3476 1100 3521 fere
1136 3476 1292 3521 locum
1316 3478 1479 3521 tenent
1513 3475 1635 3518 inter
1660 3473 1957 3533 Pamphilam
1990 3479 2035 3519 et
2058 3475 2404 3522 Marcellinum.
2449 3476 2597 3522 Multo

235 3563 378 3607 etiam
413 3562 569 3607 minus
607 3562 794 3609 definite
838 3564 1045 3624 loquitur
1082 3565 1247 3612 Cicero
1283 3569 1332 3612 in
1371 3567 1513 3611 Bruto
1552 3578 1590 3612 c.
1635 3565 1680 3624 7,
1720 3564 1780 3610 27
1823 3570 1931 3609 ante
1964 3562 2193 3610 Periclem
2231 3600 2242 3612 .
2278 3600 2287 3610 .
2325 3571 2366 3610 et
2407 3561 2595 3630 Thucy-
