2799 3723
997 0 1067 53 N,

1133 89 1290 95 ...-
1364 56 1426 104 18
1498 88 1654 94 ..-

200 189 476 250 opinionem
518 188 718 251 duplici,
771 190 976 250 primam
1024 189 1229 250 simplici
1271 193 1552 248 argumento
1597 186 1854 248 redarguit.
1936 187 2071 235 Clam
2114 193 2407 251 reportatum
2450 192 2579 239 enim

201 293 375 340 corpus
412 285 460 326 et
493 279 730 341 sepultum
767 292 872 326 esse
907 283 1037 326 recte
1071 283 1218 338 negat
1256 281 1451 340 propter
1493 278 1770 338 inscriptum
1806 276 2100 338 Thucydidis
2134 292 2333 340 nomen,
2374 293 2469 341 quo
2505 294 2580 328 ar·

200 374 426 430 gumento
462 372 614 430 potuit
649 370 792 415 etiam
828 371 996 415 contra
1029 370 1234 429 primam
1267 368 1541 426 opinionem
1580 369 1660 426 uti,
1698 369 1924 429 quoniam
1960 369 2041 429 qui
2076 368 2182 415 exul
2210 373 2424 417 mortuus
2459 379 2579 430 erat,

201 461 246 506 ei
286 475 345 506 ne
382 458 718 519 cenotaphium
756 456 947 519 quidem
985 459 1161 505 exstrui
1197 457 1386 503 licuisse
1423 455 1686 516 putandum
1722 462 1809 503 est.

404 548 477 597 Ad
527 554 777 607 utramque
827 551 1101 608 opinionem
1146 548 1456 594 refellendam
1509 548 1709 594 alterum
1758 549 1963 607 profert:
2022 548 2311 594 Philochoro
2357 550 2483 594 enim
2529 555 2577 594 et

197 639 445 684 Demetrio
489 639 687 682 testibus
732 650 844 682 usus
886 643 994 697 post
1036 637 1223 682 cladem
1270 639 1318 682 in
1361 639 1524 683 Sicilia
1564 640 1809 696 acceptam
1855 638 1920 681 ait
1963 636 2166 681 reditum
2209 638 2424 682 exulibus
2469 650 2578 682 con·

199 740 386 773 cessum
422 727 568 773 fuisse
604 732 796 787 praeter
831 725 1170 786 Pisistratidas,
1208 727 1335 786 quod
1371 728 1488 773 nihil
1526 726 1586 772 ad
1621 724 1951 785 Thucydidem
1989 726 2224 785 pertinere
2261 727 2577 772 certissimum

198 820 283 862 est.
356 817 617 863 Decretum
656 820 815 862 autem
852 816 944 862 hoc
980 815 1040 862 de
1077 816 1292 863 exulibus
1330 815 1611 862 revocandis
1648 822 1807 861 utrum
1844 817 2071 862 omissum
2116 830 2145 861 a
2180 815 2459 875 Thucydide
2495 831 2578 877 pu-

198 909 351 951 temus
396 919 504 951 cum
551 906 776 952 Mewesio
832 905 1287 964 (Untersuchungen
1340 905 1458 950 iiber
1498 904 1584 949 das
1621 904 1760 950 achte
1811 904 1942 950 Buch
1993 903 2078 950 der
2121 903 2574 963 Thukydideischen

202 994 488 1041 Geschichte
526 996 572 1039 in
600 995 852 1040 annalibus
890 996 1130 1053 gymnasii
1156 994 1632 1052 Brandenburgensis
1669 1008 1712 1038 a.
1752 993 1884 1039 1868
1920 1010 1966 1053 p.
2007 994 2110 1052 30),
2148 996 2223 1040 cui
2258 995 2351 1040 hoc
2387 1008 2577 1054 quoque

197 1084 483 1129 documento
521 1091 614 1137 est,
660 1098 753 1128 non
801 1084 862 1128 ab
899 1085 1003 1142 ipso
1039 1084 1319 1143 Thucydide
1366 1085 1627 1142 perfectum
1672 1097 1776 1128 esse
1812 1084 1986 1130 librum
2023 1089 2266 1143 octavum,
2312 1100 2372 1131 an
2411 1098 2574 1130 errore

195 1178 498 1233 procreatum
549 1187 644 1218 non
700 1173 973 1219 Philochori
1027 1176 1182 1234 potius
1238 1180 1282 1219 et
1330 1174 1558 1219 Demetrii
1608 1187 1748 1232 quam
1806 1171 2001 1233 Didymi
2055 1173 2130 1219 vel
2185 1174 2470 1230 Marcellini,
2527 1174 2574 1220 id

201 1278 297 1309 non
335 1277 463 1308 nunc
499 1267 570 1309 est
606 1262 978 1308 diiudicandum.

402 1353 494 1398 Ubi
529 1353 672 1410 igitur
715 1356 929 1397 mortuus
984 1349 1044 1397 sit
1060 1352 1388 1410 Thucydides,
1443 1353 1522 1397 ubi
1576 1352 1815 1410 sepultus,
1871 1365 1928 1397 ex
1965 1367 2060 1397 una
2097 1353 2302 1412 sepulcri
2337 1353 2493 1398 forma
2530 1357 2578 1398 et

193 1444 502 1500 inscriptione
539 1441 829 1502 veteressilli
870 1440 995 1485 docti
1041 1442 1328 1498 investigare
1372 1442 1528 1485 conati
1564 1445 1697 1497 sunt,
1742 1445 1790 1484 ut
1825 1440 1943 1485 nihil
1980 1441 2056 1485 vel
2091 1444 2349 1499 memoria,
2391 1444 2470 1487 vel
2506 1443 2577 1488 lit·

195 1534 308 1577 teris
355 1531 580 1576 traditum
627 1532 868 1589 accepisse
911 1530 1176 1574 videantur.
1257 1529 1476 1586 Quonam
1518 1531 1660 1587 igitur
1707 1529 1849 1573 modo
1895 1531 2027 1573 cuius
2080 1530 2293 1575 nondum
2341 1533 2577 1589 originem

192 1620 543 1679 perspeximus,
581 1618 638 1663 (16
664 1619 989 1664 interfecto
1015 1616 1295 1676 Thucydide
1334 1618 1512 1662 famam
1538 1616 1597 1662 ad
1623 1617 1729 1662 illos
1757 1619 2030 1677 pervenisse
2055 1617 2223 1677 putas?
2258 1618 2424 1677 Neque
2461 1618 2573 1663 huic

197 1721 385 1768 quoque
423 1722 520 1753 non
559 1707 761 1753 alteram
799 1707 950 1752 habes
988 1707 1348 1766 obloquentem,
1384 1720 1479 1752 non
1517 1706 1815 1752 interfectum
1852 1705 1936 1752 sed
1971 1706 2139 1752 morbo
2178 1708 2357 1766 perisse
2392 1706 2580 1768 Thucy·

197 1797 356 1840 didem
395 1796 521 1854 apud
561 1812 704 1841 anon.
743 1811 782 1840 c.
815 1797 845 1840 8
883 1794 1138 1855 πληρώσας
1172 1794 1228 1839 δὲ
1264 1795 1341 1854 τὴν
1379 1793 1548 1854 ὀγδόην
1585 1793 1781 1851 ἱστορίαν
1818 1793 2024 1840 ἀπέθανε
2061 1794 2187 1853 νόσῳ
2225 1810 2348 1853 quae
2384 1800 2579 1854 propter

192 1901 251 1930 ea
294 1900 417 1945 quae
461 1887 675 1944 proxime
721 1890 950 1944 sequntur
999 1899 1298 1930 communem
1343 1887 1575 1943 originem
1622 1886 1801 1929 habere
1848 1899 1955 1929 cum
2000 1886 2129 1929 hisce
2171 1882 2260 1928 Ma
2303 1886 2370 1930 44
2413 1882 2573 1929 ἔνθεν

192 1974 267 2021 καὶ
307 1974 502 2034 λέγομεν
545 1974 617 2025 ὡς
658 1973 1003 2033 ἀσθενέστερον
1054 1973 1315 2035 πέφρασται
1363 1972 1437 2018 καὶ
1478 1973 1627 2034 ὀλίγον
1672 1973 1878 2018 καθότι
1928 1973 2243 2032 ἀρρωστῶν
2292 1973 2429 2035 αὐτὴν
2475 1973 2574 2034 φαί-

192 2078 314 2109 νεται
350 2063 668 2115 συντεθεικώς
709 2079 852 2123 supra
891 2064 1221 2109 indicavimus.
1296 2066 1475 2122 Quibus
1511 2066 1608 2110 iam
1650 2078 1905 2123 perperam
1950 2064 2129 2109 famam
2166 2063 2339 2109 dixisse
2384 2065 2574 2109 convin-

193 2155 359 2211 cimur,
398 2168 522 2212 quae
561 2168 692 2198 mera
732 2156 1021 2211 coniectura,
1060 2160 1105 2197 et
1140 2156 1285 2212 ipsius
1324 2154 1513 2212 quidem
1550 2153 1815 2198 Marcellini
1858 2159 1907 2198 ut
1942 2153 2143 2211 videtur,
2181 2167 2238 2198 ex
2273 2154 2382 2198 libri
2418 2153 2575 2198 octavi

191 2243 380 2287 diverso
419 2244 625 2302 quodam
666 2260 696 2288 a
730 2244 967 2302 prioribus
1012 2243 1142 2287 libris
1181 2245 1340 2289 colore
1377 2250 1503 2288 nata.
1556 2244 1764 2287 Putasne
1801 2243 1943 2301 igitur
1977 2243 2052 2287 vel
2088 2244 2433 2301 ineptissimum
2471 2243 2576 2286 rhe-

189 2336 341 2376 torem
380 2333 655 2377 coniectura
691 2334 837 2378 fuisse
884 2346 1078 2377 usurum
1117 2339 1283 2378 contra
1321 2336 1498 2377 certum
1537 2331 1595 2376 de
1633 2331 1780 2376 caede
1826 2333 2145 2377 testimonium
2192 2332 2251 2377 ab
2288 2333 2391 2391 ipso
2428 2331 2572 2391 paulo

190 2426 301 2466 ante
338 2422 606 2480 prolatum?
659 2421 782 2481 Quid
820 2421 946 2480 quod
984 2427 1029 2467 et
1068 2423 1149 2468 illo
1190 2424 1293 2468 loco
1331 2436 1424 2467 non
1463 2423 1555 2468 ubi
1592 2426 1790 2476 tantum,
1828 2420 1910 2466 sed
1949 2423 2093 2467 etiam
2131 2421 2410 2481 quomodo
2448 2421 2573 2466 Thu·

191 2509 388 2568 cydides
424 2518 640 2556 mortuus
686 2515 812 2555 esset
853 2512 899 2555 in
940 2514 1266 2557 controversia
1309 2513 1453 2556 fuisse
1490 2511 1655 2556 elucet.
1730 2511 1918 2555 Etenim
1963 2511 2043 2569 qui
2079 2511 2350 2570 sepulcrum
2386 2509 2574 2568 Thucy-

189 2599 312 2645 didis
349 2614 444 2645 non
482 2614 570 2660 pro
610 2613 724 2644 vero
762 2600 845 2645 sed
884 2614 968 2660 pro
996 2602 1102 2645 ficto
1131 2601 1353 2646 habuisse
1390 2601 1623 2657 dicuntur,
1667 2613 1762 2644 non
1799 2598 1858 2644 de
1896 2598 2043 2644 caede
2077 2613 2157 2645 eos
2194 2599 2278 2645 sed
2315 2598 2374 2644 de
2410 2613 2572 2644 neces·

189 2690 319 2734 saria
354 2694 508 2734 morte
547 2690 780 2748 cogitasse
824 2704 930 2735 cum
967 2691 1179 2750 ipsorum
1217 2691 1626 2749 argumentatione
1663 2695 1761 2734 tum
1798 2693 2052 2749 propterea
2086 2691 2406 2750 manifestum,
2444 2691 2571 2751 quod

186 2778 280 2824 illis
322 2778 561 2837 Didymus
608 2794 704 2825 non
749 2779 989 2826 Athenis
1034 2784 1215 2825 tantum
1259 2778 1341 2823 sed
1388 2780 1528 2824 etiam
1581 2780 1953 2824 interfectum
2002 2794 2128 2826 esse
2179 2782 2375 2841 opponit
2420 2796 2459 2828 c.
2505 2781 2569 2828 32

186 2866 388 2927 Δίδυμος
438 2866 557 2913 δ’ἐν
601 2863 857 2930 Ἀθήναις
908 2867 1001 2914 άπὸ
1051 2871 1133 2931 τῆς
1179 2870 1329 2930 φυγῆς
1381 2866 1574 2913 ἐλθόντα
1615 2866 1779 2931 βιαίῳ
1829 2868 2050 2929 θανάτῳ
2104 2867 2240 2931 φησὶν
2292 2868 2568 2916 ἀποθανεῖν·

186 2959 323 3004 τοῦτο
360 2957 417 3004 δέ
455 2973 570 3018 φησι
594 2956 830 3016 Ζώπυρον
863 2959 1136 3016 μαρτυρεῖν·
1174 2956 1290 3009 τοὺς
1320 2956 1409 3016 γὰρ
1431 2954 1704 3020 Ἀθηναίους
1737 2958 1945 3004 κάθοδον
1971 2957 2231 3004 δεδωκέναι
2265 2960 2363 3012 τοῖς
2397 2959 2568 3019 φυγάσι

187 3045 302 3107 πλὴν
338 3049 428 3091 τῶν
466 3047 853 3106 Πεισιστρατιδῶν
883 3047 1005 3106 μετὰ
1040 3048 1117 3109 τὴν
1153 3047 1287 3108 ἧτταν
1324 3048 1399 3109 τὴν
1437 3047 1487 3093 ἐν
1518 3047 1723 3108 Σικελίᾳ·
1760 3047 1932 3108 ἥκοντα
1968 3046 2050 3094 οὖν
2089 3046 2225 3094 αὐτὸν
2263 3047 2569 3094 ἀποθανεῖν

182 3136 306 3200 βίᾳ,
349 3135 425 3182 καὶ
464 3140 652 3201 τεθῆναι
694 3138 744 3183 ἐν
793 3139 891 3191 τοῖς
924 3136 1169 3197 Κιμωνίοις
1195 3139 1420 3200 μνήμασι,
1456 3137 1531 3183 καὶ
1564 3139 2008 3199 καταγινώσκειν
2047 3138 2308 3201 εὐήθειαν
2346 3136 2440 3200 ἔφη
2478 3141 2569 3183 τῶν

187 3226 457 3287 νομιζόντων
495 3226 631 3272 αὑτὸν
665 3227 805 3279 ἐκτὸς
831 3227 918 3288 μὲν
951 3226 1339 3290 τετελευτηκέναι,
1375 3227 1451 3273 ἐπὶ
1478 3232 1565 3291 γῆς
1587 3228 1643 3274 δὲ
1667 3232 1749 3292 τῆς
1779 3226 1981 3292 Ἀττικῆς
2014 3228 2264 3291 τεθάφθαι·
2300 3228 2330 3292 ἢ
2357 3227 2448 3289 γὰρ
2480 3228 2569 3274 οὐκ

186 3316 242 3362 ἂν
278 3316 419 3380 ἐτέθη
458 3316 508 3362 έν
545 3318 644 3372 τοῖς
679 3313 914 3378 πατρῴοις
942 3318 1168 3380 μνήμασιν
1204 3318 1232 3381 ἢ
1264 3318 1467 3382 κλέβδην
1503 3317 1655 3371 τεθείς
1691 3317 1779 3364 οὐκ
1814 3317 1869 3364 ἂν
1907 3317 2068 3382 ἔτυχεν
2104 3318 2215 3364 οὔτε
2250 3319 2424 3382 στήλης
2457 3318 2569 3364 οὔτε

187 3406 544 3467 ἐπιγράμματος,
580 3406 610 3470 ἢ
645 3398 712 3468 τῷ
747 3407 884 3469 τάφῳ
920 3407 1233 3471 προσκειμένῃ
1270 3411 1352 3455 τοῦ
1389 3408 1701 3470 συγγραφέως
1725 3408 1893 3471 μηνύει
1928 3407 2142 3469 τοῦνομα·
2180 3407 2297 3455 ἀλλὰ
2331 3409 2472 3471 δῆλον
2501 3408 2569 3455 ὅτι

184 3495 402 3548 κάθοδος
435 3495 583 3558 ἐδόθη
622 3497 718 3550 τοῖς
753 3496 1019 3557 φεύγουσιν,
1055 3498 1128 3550 ὡς
1160 3495 1236 3544 καὶ
1272 3497 1531 3561 Φιλόχορος
1563 3495 1784 3558 λέγεικαὶ
1817 3497 2076 3560 Δημήτριος
2109 3496 2159 3544 ἐν
2195 3498 2293 3552 τοῖς
2320 3495 2566 3559 ἀρχουσιν·
