2799 3723
1149 147 1670 195 *19*

226 276 323 340 ἐγὼ
360 275 420 324 δὲ
450 274 684 338 Ζώπυρον
718 276 918 341 ληρεῖν
953 277 1120 340 νομίζω
1154 278 1343 341 &om
1376 281 1537 327 τοῦτον
1571 276 1624 326 ἐν
1662 273 1822 340 θρᾴκῃ
1855 276 2240 340 τετελευτηκέναι,
2274 275 2361 326 κᾶν
2395 276 2597 341 ἀληθεύ·

227 382 293 415 ειν
337 365 491 430 νομίζῃ
538 363 809 427 Κράτιππος
847 366 1000 416 αὐτόν.
1045 367 1098 417 τὸ
1140 367 1237 417 δ’ὲν
1275 365 1442 432 Ἰταλίᾳ
1485 367 1663 429 Τξααιον
1713 366 1852 415 αὐτὸν
1897 365 1973 414 καὶ
2009 364 2184 422 ἄλλους
2224 366 2372 428 λέγειν
2414 367 2597 414 κεῖσθαι

219 455 292 519 μὴ
334 453 425 503 καὶ
463 455 692 519 σφόδρα
734 457 1142 519 καταγέλαστον
1184 456 1230 522 ᾖ.
1299 461 1473 521 Nequit
1514 466 1674 506 autem
1709 458 1938 517 dubitari,
1982 460 2093 519 quin
2129 459 2212 518 qui
2255 458 2593 504 nonnullorum

225 545 544 607 stupiditatem
596 545 815 610 εὐήθειαν
859 548 1028 595 dicitur
1069 548 1432 612 reprehendisse
1478 549 1605 596 idem
1647 564 1800 610 nugas
1841 551 2054 610 Zopyro,
2099 547 2296 595 Timaeo
2341 547 2592 594 ridiculum

228 637 427 697 obiciat,
470 642 521 684 ut
565 651 712 697 usque
757 639 816 684 ad
863 654 902 685 c.
949 641 1015 687 34
1054 655 1149 687 non
1192 640 1457 687 Marcellini
1501 641 1662 686 omnia
1715 639 1798 684 sed
1841 634 2038 699 Didymi
2085 637 2306 684 habenda
2347 639 2442 684 sint
2484 652 2591 684 cum

226 727 487 772 Schmidtio
532 728 581 771 in
625 727 821 785 Didymi
867 730 1143 787 fragmentis
1184 744 1230 790 p.
1269 729 1383 775 323.
1459 730 1626 788 Neque
1671 730 1795 774 enim
1842 729 1900 773 de
1941 741 1993 773 se
2040 729 2238 789 loquens
2282 728 2589 773 Marcellinus

224 815 454 875 singulari
491 817 646 876 potius
682 830 824 877 quam
861 818 1034 878 plurali
1068 832 1269 865 numero
1306 821 1371 865 uti
1406 819 1526 866 solet
1561 832 1601 865 c.
1630 819 1693 865 15
1729 818 1832 879 ἡμῖν
1869 822 1916 864 et
1951 815 2207 877 ἀγνοῶμεν,
2245 817 2336 863 hoc
2371 817 2482 862 item
2511 816 2592 876 28,

224 917 264 949 c.
305 903 370 949 20
404 904 470 950 43
506 905 574 951 44
607 905 674 952 45
710 904 928 966 λέγομεν,
971 922 1010 955 c.
1052 907 1114 956 25
1160 905 1453 967 πειθώμεθα,
1491 922 1530 954 c.
1569 907 1631 954 37
1677 904 1878 966 εἴπομεν,
1916 922 1954 953 c.
1993 908 2056 954 41
2096 913 2145 952 et
2181 907 2242 952 51
2279 905 2399 967 ἡμῖν,
2442 920 2481 952 c.
2523 906 2584 953 52

224 978 560 1051 πειρασόμεθα,
596 1008 703 1040 cum
740 996 993 1055 singularis
1030 1002 1221 1056 praeter
1255 1004 1469 1044 nostrum
1505 998 1662 1043 locum
1699 997 1769 1042 bis
1805 1003 1983 1042 tautum
2021 997 2294 1041 inveniatur
2330 1009 2368 1040 c.
2405 994 2431 1040 2
2469 992 2591 1053 λέγω

222 1088 270 1127 et
306 1097 345 1128 c.
387 1081 449 1128 57
486 1078 630 1140 οζιιαι,
683 1089 728 1129 et
762 1087 921 1144 priore
963 1085 1154 1145 quidem
1198 1087 1303 1131 loco
1339 1101 1484 1146 supra
1527 1089 1624 1132 iam
1664 1102 1751 1146 per
1786 1087 2173 1145 conparationem
2212 1085 2452 1130 Plutarchi
2488 1100 2583 1129 non

222 1170 486 1218 Marcellini
522 1174 670 1219 verba
709 1187 812 1219 esse
849 1176 1073 1233 suspicati
1109 1188 1299 1233 sumus,
1336 1176 1460 1235 quod
1496 1177 1593 1222 iam
1629 1190 1783 1236 neque
1820 1177 1880 1221 ab
1918 1177 2066 1220 altero
2104 1175 2320 1219 videatur
2365 1175 2587 1219 alienum.

222 1260 306 1307 Illo
352 1263 495 1322 igitur
537 1263 642 1310 loco
686 1265 865 1310 referre
914 1265 1116 1310 aliorum
1162 1267 1408 1325 opiniones
1459 1268 1574 1314 satis
1628 1267 1792 1312 habuit
1833 1265 2163 1323 Marcellinus,
2218 1278 2452 1323 quaenam
2497 1265 2589 1323 ipsi

219 1352 503 1412 probaretur
537 1354 586 1398 in
624 1353 766 1400 dubio
802 1355 1089 1415 relinquens.

424 1441 561 1488 Nunc
597 1457 712 1488 vero
748 1457 984 1503 quaenam
1024 1445 1217 1504 Didymi
1260 1448 1515 1492 auctoritas
1557 1446 1853 1490 interfectum
1892 1444 2218 1503 Thucydidem
2264 1441 2587 1487 adfirmantis?

223 1532 465 1589 Zopyrum
503 1533 741 1590 quendam
778 1538 944 1578 testem
982 1534 1255 1580 adhibuisse
1291 1541 1501 1594 putatur,
1539 1535 1619 1579 ubi
1650 1536 1690 1578 si
1725 1536 1872 1588 τοῦτο,
1909 1548 2030 1592 quae
2060 1534 2216 1577 verbis
2254 1533 2457 1577 maxime
2483 1545 2589 1574 con·

222 1622 418 1665 veniens
462 1622 812 1680 interpretatio,
856 1623 915 1667 ad
961 1625 1231 1669 universam
1275 1625 1471 1682 Didymi
1513 1626 1794 1669 sententiam
1843 1625 2070 1680 refertur,
2113 1623 2411 1667 manifestam
2456 1629 2587 1666 tenes

230 1711 620 1771 repugnantiam,
663 1724 770 1756 eum
807 1712 1024 1771 Zopyrus
1063 1714 1260 1759 Athenis
1302 1712 1505 1758 eundem
1548 1716 1594 1757 et
1628 1713 1675 1757 in
1712 1711 1919 1757 Thracia
1953 1717 2186 1757 mortuum
2232 1711 2356 1757 idem
2394 1715 2586 1756 testatus

222 1814 326 1846 esse
363 1799 561 1846 dicatur.
635 1799 799 1860 Poppo
836 1801 977 1859 igitur
1012 1802 1043 1847 l.
1084 1802 1115 1847 l.
1153 1817 1197 1861 p.
1237 1801 1299 1846 31
1337 1817 1422 1861 pro
1459 1800 1509 1847 ἐν
1550 1796 1709 1861 θρᾴκῃ
1747 1801 2082 1860 corrigendum
2118 1803 2298 1846 censuit
2333 1798 2382 1845 ἐν
2411 1795 2584 1860 Ἀττικῇ

221 1905 250 1933 a
287 1890 551 1933 litterarum
597 1889 901 1933 similitudine
943 1892 1099 1934 minus
1137 1890 1515 1934 commendatum
1562 1905 1707 1949 quam
1749 1891 1873 1950 quod
1918 1892 2173 1934 Muellerus
2218 1893 2263 1933 in
2309 1892 2585 1947 fragmentis

222 1980 552 2023 historicorum
598 1993 879 2038 graecorum
924 1981 1015 2024 vol.
1061 1981 1101 2024 II
1145 1994 1190 2040 p.
1234 1980 1293 2025 77
1338 1982 1585 2041 proposuit
1627 1978 1678 2023 ἐν
1727 1978 1909 2038 Θορικῴ
1952 1980 2279 2037 scribendum,
2321 1980 2395 2022 vel
2446 1993 2587 2038 quam

219 2068 506 2116 Schmidtius
544 2067 748 2128 denique
784 2070 814 2114 l.
845 2070 873 2113 l.
911 2084 956 2129 p.
985 2069 1082 2114 329
1121 2067 1170 2114 ἐν
1213 2068 1374 2128 &parion
1409 2071 1728 2116 coniecturam
1766 2074 1924 2114 tacere
1959 2070 2124 2127 noluit,
2162 2083 2449 2128 quamquam
2486 2070 2586 2128 ipse

218 2159 417 2203 alteram
462 2159 572 2202 item
616 2171 752 2203 suam
797 2162 1004 2217 praefert
1044 2159 1199 2204 morbi
1241 2161 1430 2204 nomine
1474 2156 1669 2217 ἄνθρακι
1710 2173 1796 2218 pro
1840 2160 2044 2216 regionis
2088 2159 2362 2214 substitute,
2408 2157 2489 2202 sed
2536 2167 2583 2201 ut

216 2253 467 2307 praeterea
503 2260 529 2291 e
554 2248 743 2305 Zopyro
770 2249 948 2293 faceret
973 2250 1194 2306 Satyrum
1223 2254 1269 2293 et
1302 2253 1450 2293 totum
1489 2250 1789 2292 enunciatum
1817 2253 2161 2306 transponeret.
2236 2248 2329 2293 Sed
2367 2248 2475 2291 dum
2515 2249 2579 2292 ita

219 2338 323 2381 sola
358 2338 620 2382 litterarum
659 2340 860 2396 vestigia
896 2345 1134 2396 premunt,
1172 2340 1288 2383 nihil
1328 2351 1518 2381 curasse
1554 2337 1773 2382 videntur
1817 2353 1929 2381 num
1971 2340 2176 2395 potuerit
2212 2340 2402 2382 omnino
2447 2340 2493 2381 in
2532 2351 2582 2380 re

219 2432 315 2472 tam
340 2429 523 2472 incerta
558 2433 653 2472 tam
681 2432 808 2472 certe
846 2429 1095 2486 quisquam
1132 2427 1276 2487 loqui.
1337 2427 1453 2471 Mihi
1489 2427 1629 2484 igitur
1665 2441 1859 2485 prorsus
1898 2428 2033 2470 aliter
2070 2429 2220 2471 visum
2249 2435 2333 2485 est,
2371 2434 2415 2471 et
2441 2441 2583 2486 quam

215 2517 336 2562 bene
382 2517 509 2562 infra
553 2530 604 2563 se
647 2518 823 2563 habeat
864 2516 990 2576 quod
1038 2518 1265 2576 scriptum
1309 2522 1399 2574 est,
1449 2521 1547 2561 tam
1591 2520 1858 2575 suspectum
1905 2530 2007 2561 esse
2052 2518 2211 2576 priore
2257 2517 2360 2562 loco
2406 2518 2582 2576 Zopyri

213 2608 551 2652 testimonium.
631 2607 761 2651 Infra
806 2609 931 2651 enim
976 2607 1156 2652 ridetur
1201 2606 1389 2666 quidem
1436 2613 1633 2664 utraque
1677 2607 1834 2664 opinio
1881 2612 1925 2648 et
1969 2606 2144 2663 Zopyri
2188 2605 2491 2666 Cratippique
2537 2614 2582 2650 et

213 2696 422 2754 Timaei,
460 2695 543 2741 sed
580 2697 701 2741 haec
737 2697 888 2755 magis
926 2709 1067 2755 quam
1105 2697 1201 2742 illa.
1275 2696 1418 2743 Cuius
1461 2697 1531 2741 rei
1566 2696 1797 2741 rationem
1836 2708 1926 2738 non
1968 2694 2231 2753 desideres,
2276 2696 2313 2740 si
2352 2696 2431 2754 qui
2476 2709 2582 2740 ceu-

214 2799 372 2831 sorem
412 2786 487 2830 hic
524 2787 620 2844 agit
657 2791 929 2830 revocatum
970 2787 1029 2830 ab
1068 2786 1206 2830 exilio
1234 2783 1561 2841 Thucydidem
1598 2785 1790 2843 putavit.
1849 2784 1967 2827 Huic
2000 2785 2123 2829 enim
2162 2799 2255 2828 non
2293 2786 2445 2843 potuit
2470 2800 2582 2841 non,

216 2880 395 2935 quanto
432 2875 735 2934 longinquius
781 2877 885 2934 quis
922 2876 1052 2920 illum
1100 2890 1127 2919 a
1166 2877 1320 2935 patria
1361 2879 1596 2919 mortuum
1641 2875 1949 2931 existimaret,
1993 2887 2048 2917 eo
2087 2875 2237 2932 magis
2283 2889 2312 2918 a
2349 2889 2462 2920 vero
2506 2876 2584 2919 ab·

216 2979 402 3011 errasse
439 2963 604 3011 videri.
666 2963 843 3010 Contra
880 2965 958 3024 qui
984 2964 1110 3025 quod
1136 2964 1376 3025 Popponis
1403 2963 1805 3023 interpretatione,
1831 2960 1924 3019 ἐγὼ
1961 2960 2017 3007 δέ
2044 2961 2104 3007 ad
2142 2963 2471 3010 Marcellinum
2511 2979 2581 3010 re-

210 3056 404 3101 ferentis
448 3058 494 3099 et
534 3053 584 3099 ἐν
628 3053 790 3115 Ἀττικῇ
834 3055 1105 3113 scribentis,
1149 3056 1369 3114 efficitur,
1418 3056 1464 3099 in
1510 3055 1712 3099 Thracia
1758 3055 1787 3097 i.
1838 3068 1876 3096 e.
1921 3055 1966 3097 in
2018 3053 2155 3097 exilio
2200 3061 2437 3098 mortuum
2483 3057 2584 3113 ipse

213 3148 527 3201 existimaret,
573 3146 617 3188 ei
661 3159 755 3189 non
794 3145 1037 3202 Timaeus,
1082 3147 1161 3204 qui
1206 3147 1252 3188 in
1289 3145 1448 3200 Italia,
1502 3145 1584 3189 sed
1622 3145 1859 3201 Zopyrus,
1896 3144 1975 3200 qui
2012 3144 2056 3186 in
2108 3147 2261 3201 patria
2302 3146 2583 3188 morientem

221 3237 427 3292 fecisset,
463 3235 615 3293 magis
653 3241 754 3279 erat
789 3234 1030 3280 ridendus.

419 3323 600 3383 Quodsi
635 3324 759 3368 infra
796 3328 841 3368 et
866 3325 1040 3384 Zopyri
1078 3337 1249 3369 nomen
1289 3328 1334 3368 et
1365 3322 1597 3368 Thraciae
1635 3322 1897 3380 admiseris,
1936 3336 2028 3367 nou
2068 3325 2244 3381 poteris
2282 3337 2426 3384 supra
2453 3340 2491 3369 e.
2520 3324 2581 3369 32

219 3416 511 3460 contrarium
551 3415 727 3474 Zopyri
773 3415 1090 3460 testimonium
1133 3415 1356 3459 tolerare.
1427 3412 1548 3471 Quid
1587 3412 1711 3473 quod
1755 3426 1813 3457 ue
1856 3414 1960 3458 usui
2002 3412 2193 3472 quidem
2241 3427 2344 3459 esse
2382 3414 2581 3460 videtur.

217 3504 290 3550 Ab
338 3503 475 3550 exilio
525 3504 649 3549 enim
692 3503 872 3550 redisse
910 3503 1238 3563 Thucydidem
1293 3518 1386 3549 non
1426 3503 1603 3563 Zopyri
1639 3502 1721 3549 sed
1759 3503 2029 3549 Philochori
2067 3505 2220 3562 potius
2257 3505 2583 3562 Demetriique

216 3593 501 3652 testimonio,
538 3599 584 3639 et
618 3599 856 3640 mortuum
883 3594 1079 3640 Athenis
1117 3594 1285 3638 iterum
1322 3607 1416 3638 non
1443 3583 1632 3652 Zopyro
1667 3592 1749 3639 sed
1777 3592 1980 3652 sepulcri
2008 3595 2313 3654 inscriptione
2340 3594 2583 3653 probatur.
