2799 3723
1151 148 1667 195 ——13—

232 282 411 337 didm.
460 281 544 345 qui
582 295 681 330 non
719 280 1008 330 nascentibus
1048 279 1249 338 Athenis
1293 280 1373 330 scd
1411 281 1511 330 iam
1553 279 1725 329 adultis
1754 280 1963 345 fuerunt
2014 286 2061 329 et
2092 282 2269 330 ibidem
2313 297 2353 331 c.
2390 283 2481 343 11,
2514 282 2580 330 43

227 374 372 437 paulo
405 380 552 420 aetate
582 372 811 436 posterior
845 373 1224 430 (Themistocle).

436 464 775 523 Antiphontem
817 468 1178 523 praeceptorem
1214 462 1448 510 Caecilius
1492 463 1674 509 dixerat
1713 465 1971 510 secundum
2007 466 2152 509 vitam
2198 462 2498 522 Antiphontis
2531 465 2581 509 in

229 559 314 605 vit.
350 557 398 602 X
433 559 553 602 orat.
588 551 822 606 Καικίλιος
853 552 904 600 ἐν
938 552 1007 614 τῷ
1040 550 1148 614 περὶ
1181 551 1323 599 αὐτοῦ
1357 554 1622 615 συντάγματι
1660 553 1950 601 θουκυδίδου
1985 555 2067 601 τοῦ
2102 551 2408 615 συγγραφέως
2441 553 2583 615 καθη-

227 645 366 709 γητὴν
400 643 688 707 τεκμαζοεται
718 641 952 706 γεγονέναι
995 641 1053 696 ἐξ
1083 642 1150 690 ὧν
1185 641 1427 690 ἐπαινεῖται
1470 645 1578 705 παρ’
1613 642 1740 705 αὐτῷ
1773 644 1801 690 ὁ
1831 639 2037 706 Ἀντιφῶν
2078 643 2203 705 quod
2238 644 2436 690 Photius
2477 643 2582 691 cod.

232 735 330 783 259
366 738 435 783 sic
465 734 672 781 reddidit
704 732 934 789 Καικίλιος
969 733 1260 781 θουκυδίδου
1294 735 1376 780 τοῦ
1411 734 1720 797 συγγραφέως
1751 733 2009 797 καθηγητὴν
2045 736 2268 795 (utroque
2301 735 2409 781 loco
2442 735 2584 794 scrip-

228 832 328 872 tum
364 826 588 888 μαθητήν,
624 825 751 886 quod
787 828 989 872 correxit
1022 826 1438 886 Wyttenbachius)
1473 823 1704 886 γεγονέναι
1738 823 1851 886 φησὶ
1883 823 1960 870 τὸν
1990 825 2188 886 ῥήτορα,
2223 824 2435 869 eiusdem
2472 826 2585 869 ami-

229 931 336 963 cum
381 915 539 961 dicere
584 912 696 961 s'atis
739 916 884 961 habet
917 916 1148 962 Aristides
1192 915 1312 974 ὑπὲρ
1351 919 1441 962 τῶν
1482 929 1593 961 τεττ.
1632 915 1725 961 217
1769 918 1859 960 τῶν
1896 911 2196 975 Ἀντιφῶντος
2237 911 2432 972 ἑταῷων
2473 911 2582 958 ἐστι’.

230 1006 437 1066 Gorgiae
473 1007 553 1066 qni
577 1007 784 1052 imitator
817 1012 1199 1053 conmemoratur
1222 1008 1346 1068 apud
1372 1008 1699 1054 Marcellinum
1724 1010 1771 1051 et
1792 1007 2093 1064 Dionysium,
2131 1004 2389 1064 discipulus
2426 1003 2584 1049 evadit

231 1097 358 1157 apud
385 1097 723 1142 philostratum
747 1099 826 1142 vit.
854 1098 988 1156 soph.
1015 1113 1061 1158 p.
1090 1098 1185 1143 209
1216 1100 1313 1158 (ed.
1340 1100 1513 1157 Kays.)
1547 1095 1639 1159 ἤδη
1664 1097 1911 1158 γηράσκων
1937 1092 2183 1159 (Γοργίας)
2210 1129 2222 1140 .
2241 1128 2253 1140 .
2278 1128 2290 1139 .
2314 1092 2426 1147 τοὺς
2454 1091 2583 1139 ἐλλο·

226 1176 514 1248 γιμωτάτους
546 1185 846 1248 ἀνηρτήσατο,
880 1184 1061 1246 Ιίριτίαν
1096 1185 1184 1246 μὲν
1219 1185 1295 1232 καὶ
1323 1183 1605 1252 Ἀλκιβιάἃην
1641 1184 1735 1232 νέω
1771 1184 1889 1243 ὄντε,
1929 1184 2210 1248 θουκυόιὲἳην
2245 1184 2302 1231 δὲ
2336 1182 2412 1230 καὶ
2443 1183 2583 1243 Περι·

226 1274 340 1321 κλέα
373 1274 466 1338 ἤδη
499 1275 785 1338 γηράσκοντε
829 1282 874 1322 et
907 1278 956 1322 in
994 1279 1126 1338 epist.
1164 1293 1209 1337 p.
1249 1277 1348 1323 364
1381 1276 1565 1337 Κριτίας·
1597 1276 1654 1322 δὲ
1689 1274 1764 1321 καὶ
1801 1275 2085 1338 Θουκυδίδης
2116 1275 2202 1322 οὐκ
2236 1274 2495 1336 ἀγνοοῦνται
2528 1272 2580 1320 τὸ

220 1364 574 1427 μεγαλόγνωμον
615 1363 691 1411 καὶ
730 1365 809 1429 τὴν
850 1365 1000 1428 ὀφρὺν
1044 1368 1151 1427 παρ’
1194 1365 1331 1413 αὐτοῦ
1373 1366 1652 1429 κεκτημένοι,
1705 1367 1830 1413 unde
1873 1369 2013 1412 etiam
2059 1367 2317 1427 explicatur
2363 1365 2490 1426 quod
2531 1368 2579 1411 in

226 1455 419 1504 scholiis
459 1455 520 1503 ad
557 1456 773 1505 Aristidis
808 1457 896 1504 ].1.
933 1473 979 1519 p,
1018 1457 1135 1520 121,
1172 1458 1236 1506 18
1271 1458 1438 1506 dicitur
1473 1457 1781 1522 συμφοιῑητὴς
1811 1456 1866 1522 ἦν
1902 1455 2187 1518 Περικλέους
2220 1457 2248 1504 ὁ
2288 1452 2583 1517 Θουκυδίδης

224 1545 296 1601 ὡς
329 1542 531 1608 ἔγνωμεν
573 1545 646 1594 διὸ
681 1545 757 1594 καὶ
788 1546 936 1611 ἐφίλει
971 1548 1122 1607 αὐτόν,
1159 1564 1265 1596 cum
1301 1549 1465 1597 Cicero
1501 1550 1532 1596 l.
1572 1550 1602 1595 l.
1640 1550 1756 1596 nihil
1794 1563 1875 1597 eos
1917 1551 2009 1596 nisi
2045 1549 2267 1609 aequales
2309 1549 2455 1594 fuisse
2491 1549 2581 1607 sig·

223 1639 397 1684 nificet.
471 1640 673 1686 Divitias
708 1642 855 1700 patris
889 1641 1165 1701 Doxopater
1199 1639 1362 1686 laudat
1404 1641 1462 1686 ad
1500 1641 1760 1701 Aphthonii
1804 1642 1833 1688 1.
1868 1641 1899 1686 l.
1946 1655 1992 1700 p.
2029 1640 2130 1687 424
2167 1635 2352 1699 Ὀλόρου
2386 1636 2441 1700 ἦν
2480 1635 2581 1691 υἱὸς

228 1726 286 1783 ὃς
318 1724 442 1792 εᾷεν
477 1727 528 1775 ἐν
567 1725 727 1792 θρᾴκῃ
766 1729 953 1776 πλοῦτον
989 1729 1127 1777 πολὺν
1169 1728 1245 1776 καὶ
1277 1729 1544 1790 περιουσίαν
1573 1730 1792 1792 μεγάλην.
1862 1730 2090 1777 Herodoti
2133 1732 2395 1777 recitationi
2440 1732 2578 1775 inter·

226 1823 371 1867 fuisse
415 1822 564 1866 fertur
607 1819 733 1879 apud
767 1822 987 1867 Photium
1033 1822 1135 1868 cod.
1184 1823 1248 1868 60
1289 1821 1464 1882 λέγεται
1504 1821 1560 1867 δὲ
1601 1820 2050 1883 ἀναγιγνωσκομένης
2090 1820 2216 1881 αὐτῷ
2257 1824 2340 1883 τῆς
2379 1819 2579 1880 ἱστορίας

231 1911 395 1973 κομιδῇ
429 1909 531 1956 νέον
567 1909 673 1957 ὄντα
707 1910 834 1971 παρὰ
867 1912 935 1972 τῷ
970 1910 1103 1972 πατρὶ
1130 1910 1409 1973 θουκυὸίόην
1447 1911 1653 1970 ἀκοῦσαι,
1687 1911 1763 1957 τὸν
1799 1911 1856 1958 δὲ
1885 1907 2122 1972 Ἡρόδοτον
2158 1910 2477 1974 ἀποφήνασθαι
2511 1912 2581 1965 ὡς

227 1999 300 2065 εἴη
344 2002 371 2048 ὁ
407 2002 515 2056 παῖς
555 2001 597 2047 ὦ
621 1998 812 2062 Ὀλουρε
849 2002 875 2047 ὁ
911 2001 1000 2055 σὸς
1037 2002 1250 2064 ὀργῶσαν
1292 2000 1412 2066 ἔχων
1453 2003 1530 2067 τὴν
1572 2004 1706 2067 φύσιν
1750 2002 1868 2064 πρὸς
1903 2004 2148 2066 μαθήματα
2194 2017 2290 2048 non
2334 2005 2578 2048 nominata

226 2092 451 2154 Olympia
488 2107 610 2154 quae
642 2093 767 2155 apud
800 2093 1019 2140 Tzetzam
1061 2108 1248 2155 quoque
1291 2095 1420 2143 deest
1447 2098 1634 2158 (Poppo
1660 2096 1696 2157 Ι,
1722 2096 1768 2154 1,
1794 2110 1839 2156 p.
1868 2094 2007 2148 421).
2077 2095 2414 2155 Imperatorem
2452 2094 2577 2140 Thu-

225 2184 444 2244 cydidem
468 2186 761 2245 respicientis
787 2192 898 2232 sunt
921 2186 1068 2232 verba
1098 2184 1339 2234 Ciceronis
1365 2187 1421 2233 de
1448 2191 1567 2234 orat.
1595 2186 1640 2246 2,
1670 2186 1750 2246 13,
1777 2187 1839 2234 56
1864 2200 2150 2248 quamquam
2172 2191 2236 2232 est
2258 2183 2305 2232 in
2340 2183 2573 2246 republica

225 2285 432 2321 versatus
469 2284 514 2321 et
549 2281 665 2323 orat.
704 2291 743 2322 c.
782 2277 829 2335 9,
867 2276 928 2322 32
966 2292 1071 2321 cum
1101 2277 1378 2338 praesertim
1400 2277 1573 2339 ficisset
1607 2278 1860 2323 honoratus
1895 2284 1936 2322 et
1971 2276 2153 2328 nobilis,
2204 2292 2296 2337 quo
2332 2279 2468 2337 plura
2517 2275 2575 2322 de

225 2367 350 2412 illius
387 2368 484 2412 vita
520 2367 710 2426 publica
747 2366 1029 2426 Dionysium
1069 2373 1344 2428 conpertum
1378 2370 1602 2415 habuisse
1639 2374 1831 2429 propter
1873 2383 1930 2414 ea
1966 2383 2088 2428 quae
2125 2369 2286 2413 scribit
2319 2369 2364 2412 in
2403 2382 2476 2426 ep.
2514 2367 2573 2412 ad

229 2458 383 2501 Amm.
410 2472 456 2516 p.
488 2456 584 2502 770
619 2455 695 2502 καὶ
726 2460 863 2503 ταῦτα
897 2456 955 2503 οὐ
990 2460 1081 2503 τῶν
1117 2456 1469 2518 ἀπερριμμένων
1506 2456 1612 2505 ὄντα
1653 2458 1750 2504 ἀλλ’
1786 2457 1852 2504 ὧν
1885 2457 1936 2503 ἐν
1972 2456 2175 2516 πρώτοις
2205 2455 2315 2519 ἦγον
2346 2453 2575 2518 Ἀθηναῖοι

226 2548 505 2606 στρατηγιῶν
549 2561 600 2591 τε
634 2544 710 2591 καὶ
742 2550 832 2592 τῶν
872 2545 1024 2592 ἄλλων
1059 2550 1195 2597 τιμῶν
1231 2546 1468 2601 ἀξιοῦντες
1508 2550 1701 2594 credere
1749 2551 1843 2593 noli
1879 2556 2152 2608 propterea,
2197 2547 2322 2607 quod
2362 2547 2479 2591 nihil
2516 2546 2573 2589 de

230 2634 507 2705 Thucydide
544 2636 750 2696 prodidit
785 2638 875 2682 nisi
904 2651 1025 2698 quae
1062 2639 1122 2682 ab
1147 2639 1238 2683 hoc
1272 2640 1373 2699 ipso
1410 2645 1661 2699 acceperat
1694 2640 1770 2683 vel
1806 2641 2021 2699 accipere
2057 2638 2146 2683 sibi
2169 2639 2295 2681 visus
2331 2642 2446 2694 erat,
2481 2638 2573 2680 nisi

222 2727 301 2772 ille
338 2740 548 2786 quoque,
585 2727 710 2787 quod
757 2728 860 2773 aliis
898 2728 1125 2773 accidisse
1160 2728 1386 2787 vidimus,
1429 2728 1489 2773 ad
1523 2728 1657 2775 Olori
1693 2729 1839 2774 filium
1874 2729 2052 2774 rettulit
2086 2742 2206 2788 quae
2255 2727 2313 2771 ad
2346 2727 2571 2772 Melesiae

220 2816 535 2877 pertinebant.
616 2816 735 2864 Cum
776 2818 1053 2864 Marcellino
1103 2819 1214 2863 facit
1254 2817 1509 2863 scholiasta
1553 2818 1614 2864 ad
1659 2819 1800 2865 Arist.
1847 2819 1988 2879 Vesp.
2035 2817 2129 2863 941
2188 2814 2474 2879 θουκυόίδης
2517 2814 2574 2870 ὃς

222 2904 340 2953 οὐδὲ
375 2906 520 2969 πάντη
561 2906 794 2968 γνώριμος
826 2906 1011 2968 ἐγένετο
1055 2906 1153 2953 ἀλλ’
1188 2906 1305 2954 οὐδὲ
1340 2905 1465 2966 παρὰ
1498 2908 1596 2961 τοῖς
1628 2908 1850 2966 κωμικοῖς
1890 2906 1967 2954 διὰ
2000 2906 2051 2954 τὸ
2088 2906 2159 2953 ἐπ’
2194 2905 2341 2967 ὀλίγον
2383 2922 2573 2968 στρατη·

217 2996 318 3057 γίας
351 2995 606 3048 ἀξιωθέντα
632 2997 753 3057 μετὰ
787 2997 1008 3052 Κλέωνος
1045 3001 1117 3056 (cf.
1145 3015 1286 3044 anon.
1314 3001 1358 3054 4>
1397 2996 1474 3043 ἐπὶ
1509 2994 1700 3059 Θρᾴκης
1733 2998 1852 3059 φυγῇ
1888 2998 2278 3059 καταδικασθῆναι.
2323 2999 2572 3057 Negligen-

220 3090 311 3135 tius
349 3091 491 3135 etiam
530 3090 588 3135 de
625 3091 763 3137 exilio
799 3091 1090 3151 Thucydidis
1124 3092 1381 3149 Dionysius
1417 3092 1464 3135 in
1502 3091 1597 3136 iud.
1636 3090 1693 3135 de
1730 3091 1873 3136 Thuc.
1913 3105 1958 3150 p.
1986 3091 2083 3135 918
2119 3102 2241 3149 quae
2277 3089 2403 3149 apud
2439 3091 2572 3135 illum

220 3180 286 3225 ait
310 3180 545 3239 reperisse
581 3181 726 3227 refert
761 3178 828 3226 ὅτι
856 3178 977 3240 μετὰ
1004 3179 1083 3243 τὴν
1119 3178 1169 3227 ἐν
1195 3176 1460 3243 Ἀμφιπόλει
1494 3178 1758 3242 στρατηγίαν
1793 3176 2034 3232 ἐξελαθεὶς
2065 3181 2150 3241 τῆς
2182 3177 2403 3239 πατρίδος
2429 3178 2573 3224 πάντα

216 3266 294 3314 τὸν
330 3266 487 3315 λοιπὸν
530 3271 612 3315 τοῦ
654 3268 860 3330 πολέμου
892 3270 1069 3333 χρόνον
1114 3269 1164 3317 ἐν
1203 3265 1361 3331 Θρᾴκη
1403 3268 1625 3333 διέτριψε.
1695 3271 1873 3317 Ibidem
1916 3285 2019 3316 eum
2060 3284 2178 3330 opus
2221 3284 2357 3317 suum
2403 3285 2573 3331 conpo-

219 3361 369 3406 suisse
406 3359 598 3406 tradunt
630 3359 796 3407 Cicero
833 3361 890 3407 de
928 3368 1046 3409 orat.
1077 3363 1122 3422 2,
1149 3362 1230 3422 13,
1256 3363 1319 3408 56
1355 3367 1394 3406 et
1429 3360 1510 3408 hos
1543 3361 1662 3423 ipsos
1698 3360 1833 3407 libros
1868 3368 1968 3406 tum
2002 3360 2234 3423 scripsisse
2269 3360 2442 3408 dabitur
2466 3375 2572 3406 cum

217 3462 247 3491 a
282 3447 514 3510 republica
549 3456 752 3496 remotus
786 3457 932 3513 atque,
969 3450 1023 3496 id
1049 3451 1173 3513 quod
1205 3451 1375 3512 optimo
1410 3452 1571 3514 cuique
1602 3450 1798 3497 Athenis
1831 3450 2034 3497 accidere
2068 3450 2254 3497 solitum
2289 3459 2351 3497 est
2385 3451 2433 3498 in
2470 3450 2569 3496 cxi-

219 3536 337 3584 lium
365 3538 533 3601 pulsus
569 3548 701 3593 esset,
747 3542 1030 3588 Plutarchus
1068 3543 1126 3588 de
1162 3545 1269 3589 exil.
1307 3543 1372 3589 14
1422 3542 1710 3605 θουκυδίόης
1738 3538 1981 3604 Ἀθηναῖος
2018 3541 2285 3607 συνέγραφε
2325 3540 2400 3587 τὸν
2437 3540 2570 3586 πόλε-

218 3641 303 3672 μον
347 3631 437 3675 τῶν
471 3630 528 3676 Π.
564 3646 606 3676 κ.
642 3632 692 3678 Α.
728 3630 779 3678 ἐν
819 3629 978 3695 θρᾴκῃ
1020 3631 1129 3693 περὶ
1161 3633 1238 3696 τὴν
1274 3632 1480 3696 Σκαπτὴν
1523 3633 1645 3696 ὅλην.
1727 3634 1881 3679 Etiam
1928 3634 2108 3679 Plinius
2149 3636 2194 3679 in
2241 3635 2345 3679 hist.
2387 3639 2483 3679 nat.
2524 3632 2570 3691 7,
